%YAML 1.1
%TAG !u! tag:unity3d.com,2011:
--- !u!1 &1615279823
GameObject:
  m_ObjectHideFlags: 0
  m_CorrespondingSourceObject: {fileID: 0}
  m_PrefabInstance: {fileID: 0}
  m_PrefabAsset: {fileID: 0}
  serializedVersion: 6
  m_Component:
  - component: {fileID: 1615279824}
  m_Layer: 9
  m_Name: Spawn Effect
  m_TagString: Untagged
  m_Icon: {fileID: 0}
  m_NavMeshLayer: 0
  m_StaticEditorFlags: 0
  m_IsActive: 1
--- !u!4 &1615279824
Transform:
  m_ObjectHideFlags: 0
  m_CorrespondingSourceObject: {fileID: 0}
  m_PrefabInstance: {fileID: 0}
  m_PrefabAsset: {fileID: 0}
  m_GameObject: {fileID: 1615279823}
  m_LocalRotation: {x: 0, y: 0, z: 0, w: 1}
  m_LocalPosition: {x: 0, y: 0, z: 0}
  m_LocalScale: {x: 1, y: 1, z: 1}
  m_Children:
  - {fileID: 1125613537501694027}
  m_Father: {fileID: 3783384599033293460}
  m_RootOrder: 5
  m_LocalEulerAnglesHint: {x: 0, y: 0, z: 0}
--- !u!1 &2952678378034867346
GameObject:
  m_ObjectHideFlags: 0
  m_CorrespondingSourceObject: {fileID: 0}
  m_PrefabInstance: {fileID: 0}
  m_PrefabAsset: {fileID: 0}
  serializedVersion: 6
  m_Component:
  - component: {fileID: 760025131144310375}
  m_Layer: 9
  m_Name: spell attack anchor
  m_TagString: Untagged
  m_Icon: {fileID: 0}
  m_NavMeshLayer: 0
  m_StaticEditorFlags: 0
  m_IsActive: 1
--- !u!4 &760025131144310375
Transform:
  m_ObjectHideFlags: 0
  m_CorrespondingSourceObject: {fileID: 0}
  m_PrefabInstance: {fileID: 0}
  m_PrefabAsset: {fileID: 0}
  m_GameObject: {fileID: 2952678378034867346}
  m_LocalRotation: {x: 0, y: 0, z: 0, w: 1}
  m_LocalPosition: {x: 0, y: 1.95, z: 0}
  m_LocalScale: {x: 1, y: 1, z: 1}
  m_Children: []
  m_Father: {fileID: 3783384599033293460}
  m_RootOrder: 4
  m_LocalEulerAnglesHint: {x: 0, y: 0, z: 0}
--- !u!1 &3785281389370959604
GameObject:
  m_ObjectHideFlags: 0
  m_CorrespondingSourceObject: {fileID: 0}
  m_PrefabInstance: {fileID: 0}
  m_PrefabAsset: {fileID: 0}
  serializedVersion: 6
  m_Component:
  - component: {fileID: 3783322724215718738}
  m_Layer: 9
  m_Name: toes_L
  m_TagString: Untagged
  m_Icon: {fileID: 0}
  m_NavMeshLayer: 0
  m_StaticEditorFlags: 0
  m_IsActive: 1
--- !u!4 &3783322724215718738
Transform:
  m_ObjectHideFlags: 0
  m_CorrespondingSourceObject: {fileID: 0}
  m_PrefabInstance: {fileID: 0}
  m_PrefabAsset: {fileID: 0}
  m_GameObject: {fileID: 3785281389370959604}
  m_LocalRotation: {x: 0.9544209, y: -0.00000011365339, z: 0.29846388, w: -0.00000019377973}
  m_LocalPosition: {x: -0.20724963, y: 0.000000005577437, z: -0.00000000930779}
  m_LocalScale: {x: 1.0000001, y: 1, z: 1}
  m_Children: []
  m_Father: {fileID: 3783256072788864884}
  m_RootOrder: 0
  m_LocalEulerAnglesHint: {x: -0.000016904825, y: 145.26926, z: -179.99997}
--- !u!1 &3785296338338128878
GameObject:
  m_ObjectHideFlags: 0
  m_CorrespondingSourceObject: {fileID: 0}
  m_PrefabInstance: {fileID: 0}
  m_PrefabAsset: {fileID: 0}
  serializedVersion: 6
  m_Component:
  - component: {fileID: 3791620462739610328}
  m_Layer: 9
  m_Name: upperarm_R
  m_TagString: Untagged
  m_Icon: {fileID: 0}
  m_NavMeshLayer: 0
  m_StaticEditorFlags: 0
  m_IsActive: 1
--- !u!4 &3791620462739610328
Transform:
  m_ObjectHideFlags: 0
  m_CorrespondingSourceObject: {fileID: 0}
  m_PrefabInstance: {fileID: 0}
  m_PrefabAsset: {fileID: 0}
  m_GameObject: {fileID: 3785296338338128878}
  m_LocalRotation: {x: 0.79178256, y: -0.14404751, z: 0.5161041, w: 0.29320177}
  m_LocalPosition: {x: -0.38119224, y: -0.037239585, z: -0.09665112}
  m_LocalScale: {x: 1.0000001, y: 0.9999999, z: 1.0000002}
  m_Children:
  - {fileID: 3791806788435913768}
  m_Father: {fileID: 3783551701091032928}
  m_RootOrder: 0
  m_LocalEulerAnglesHint: {x: 21.226221, y: 158.04675, z: -164.87386}
--- !u!1 &3785306231689892666
GameObject:
  m_ObjectHideFlags: 0
  m_CorrespondingSourceObject: {fileID: 0}
  m_PrefabInstance: {fileID: 0}
  m_PrefabAsset: {fileID: 0}
  serializedVersion: 6
  m_Component:
  - component: {fileID: 3783475941184032840}
  m_Layer: 9
  m_Name: index_2_L
  m_TagString: Untagged
  m_Icon: {fileID: 0}
  m_NavMeshLayer: 0
  m_StaticEditorFlags: 0
  m_IsActive: 1
--- !u!4 &3783475941184032840
Transform:
  m_ObjectHideFlags: 0
  m_CorrespondingSourceObject: {fileID: 0}
  m_PrefabInstance: {fileID: 0}
  m_PrefabAsset: {fileID: 0}
  m_GameObject: {fileID: 3785306231689892666}
  m_LocalRotation: {x: -0.027664024, y: -0.63070977, z: 0.21827191, w: 0.7441756}
  m_LocalPosition: {x: -0.13908789, y: 0.000000014901161, z: 0.000000035390258}
  m_LocalScale: {x: 1.0000001, y: 1, z: 0.99999994}
  m_Children:
  - {fileID: 3783548220216551994}
  m_Father: {fileID: 3791605803597187214}
  m_RootOrder: 0
  m_LocalEulerAnglesHint: {x: 13.542065, y: -77.954895, z: 21.718645}
--- !u!1 &3785318733297809378
GameObject:
  m_ObjectHideFlags: 0
  m_CorrespondingSourceObject: {fileID: 0}
  m_PrefabInstance: {fileID: 0}
  m_PrefabAsset: {fileID: 0}
  serializedVersion: 6
  m_Component:
  - component: {fileID: 3783227067209652018}
  m_Layer: 9
  m_Name: body_motion
  m_TagString: Untagged
  m_Icon: {fileID: 0}
  m_NavMeshLayer: 0
  m_StaticEditorFlags: 0
  m_IsActive: 1
--- !u!4 &3783227067209652018
Transform:
  m_ObjectHideFlags: 0
  m_CorrespondingSourceObject: {fileID: 0}
  m_PrefabInstance: {fileID: 0}
  m_PrefabAsset: {fileID: 0}
  m_GameObject: {fileID: 3785318733297809378}
  m_LocalRotation: {x: 0, y: -0, z: -0, w: 1}
  m_LocalPosition: {x: -0.32122117, y: 0.00000000626204, z: 1.9350591}
  m_LocalScale: {x: 1, y: 1, z: 1}
  m_Children:
  - {fileID: 3783182582809929048}
  m_Father: {fileID: 3791546082885934812}
  m_RootOrder: 0
  m_LocalEulerAnglesHint: {x: 0, y: 0, z: 0}
--- !u!1 &3785343462519908196
GameObject:
  m_ObjectHideFlags: 0
  m_CorrespondingSourceObject: {fileID: 0}
  m_PrefabInstance: {fileID: 0}
  m_PrefabAsset: {fileID: 0}
  serializedVersion: 6
  m_Component:
  - component: {fileID: 3791721807508112510}
  m_Layer: 9
  m_Name: thumb_1_R
  m_TagString: Untagged
  m_Icon: {fileID: 0}
  m_NavMeshLayer: 0
  m_StaticEditorFlags: 0
  m_IsActive: 1
--- !u!4 &3791721807508112510
Transform:
  m_ObjectHideFlags: 0
  m_CorrespondingSourceObject: {fileID: 0}
  m_PrefabInstance: {fileID: 0}
  m_PrefabAsset: {fileID: 0}
  m_GameObject: {fileID: 3785343462519908196}
  m_LocalRotation: {x: -0.33380508, y: 0.23894332, z: 0.18820123, w: 0.8922223}
  m_LocalPosition: {x: -0.10822317, y: -0.15775883, z: -0.026128778}
  m_LocalScale: {x: 0.9999999, y: 1, z: 1.0000001}
  m_Children:
  - {fileID: 3783238929004662608}
  m_Father: {fileID: 3791875290105941638}
  m_RootOrder: 4
  m_LocalEulerAnglesHint: {x: -43.282463, y: 24.400274, z: 14.016122}
--- !u!1 &3785394803403636036
GameObject:
  m_ObjectHideFlags: 0
  m_CorrespondingSourceObject: {fileID: 0}
  m_PrefabInstance: {fileID: 0}
  m_PrefabAsset: {fileID: 0}
  serializedVersion: 6
  m_Component:
  - component: {fileID: 3783392747492529306}
  m_Layer: 9
  m_Name: hand_L
  m_TagString: Untagged
  m_Icon: {fileID: 0}
  m_NavMeshLayer: 0
  m_StaticEditorFlags: 0
  m_IsActive: 1
--- !u!4 &3783392747492529306
Transform:
  m_ObjectHideFlags: 0
  m_CorrespondingSourceObject: {fileID: 0}
  m_PrefabInstance: {fileID: 0}
  m_PrefabAsset: {fileID: 0}
  m_GameObject: {fileID: 3785394803403636036}
  m_LocalRotation: {x: 0.64119875, y: 0.09791726, z: 0.11786199, w: 0.7519208}
  m_LocalPosition: {x: -0.43645045, y: 0.000000026077032, z: 0.000000059604645}
  m_LocalScale: {x: 1.0000001, y: 1.0000002, z: 0.9999998}
  m_Children:
  - {fileID: 3791605803597187214}
  - {fileID: 3783514709497255816}
  - {fileID: 3791923110029518170}
  - {fileID: 3791819730382561718}
  m_Father: {fileID: 3791664519688483012}
  m_RootOrder: 0
  m_LocalEulerAnglesHint: {x: 70.250656, y: 62.016216, z: 63.656662}
--- !u!1 &3785396291267765890
GameObject:
  m_ObjectHideFlags: 0
  m_CorrespondingSourceObject: {fileID: 0}
  m_PrefabInstance: {fileID: 0}
  m_PrefabAsset: {fileID: 0}
  serializedVersion: 6
  m_Component:
  - component: {fileID: 3791546082885934812}
  m_Layer: 9
  m_Name: initial_bone
  m_TagString: Untagged
  m_Icon: {fileID: 0}
  m_NavMeshLayer: 0
  m_StaticEditorFlags: 0
  m_IsActive: 1
--- !u!4 &3791546082885934812
Transform:
  m_ObjectHideFlags: 0
  m_CorrespondingSourceObject: {fileID: 0}
  m_PrefabInstance: {fileID: 0}
  m_PrefabAsset: {fileID: 0}
  m_GameObject: {fileID: 3785396291267765890}
  m_LocalRotation: {x: 0, y: 0, z: 0.7071068, w: 0.7071068}
  m_LocalPosition: {x: -0, y: 0, z: 0}
  m_LocalScale: {x: 1, y: 1, z: 1}
  m_Children:
  - {fileID: 3783227067209652018}
  m_Father: {fileID: 3783365953442095096}
  m_RootOrder: 0
  m_LocalEulerAnglesHint: {x: 0, y: 0, z: 90}
--- !u!1 &3785410450536277742
GameObject:
  m_ObjectHideFlags: 0
  m_CorrespondingSourceObject: {fileID: 0}
  m_PrefabInstance: {fileID: 0}
  m_PrefabAsset: {fileID: 0}
  serializedVersion: 6
  m_Component:
  - component: {fileID: 3791658743881432574}
  m_Layer: 9
  m_Name: thigh_L
  m_TagString: Untagged
  m_Icon: {fileID: 0}
  m_NavMeshLayer: 0
  m_StaticEditorFlags: 0
  m_IsActive: 1
--- !u!4 &3791658743881432574
Transform:
  m_ObjectHideFlags: 0
  m_CorrespondingSourceObject: {fileID: 0}
  m_PrefabInstance: {fileID: 0}
  m_PrefabAsset: {fileID: 0}
  m_GameObject: {fileID: 3785410450536277742}
  m_LocalRotation: {x: 0.053139053, y: 0.9525894, z: -0.041726775, w: 0.29666254}
  m_LocalPosition: {x: -0.08732329, y: -0.24075149, z: -0.016691985}
  m_LocalScale: {x: 0.9999997, y: 1.0000004, z: 1.0000002}
  m_Children:
  - {fileID: 3791553143349154676}
  m_Father: {fileID: 3791864701050600526}
  m_RootOrder: 2
  m_LocalEulerAnglesHint: {x: 1.3047495, y: -174.28116, z: 15.640062}
--- !u!1 &3785417114827906132
GameObject:
  m_ObjectHideFlags: 0
  m_CorrespondingSourceObject: {fileID: 0}
  m_PrefabInstance: {fileID: 0}
  m_PrefabAsset: {fileID: 0}
  serializedVersion: 6
  m_Component:
  - component: {fileID: 3783514709497255816}
  m_Layer: 9
  m_Name: middle_1_L
  m_TagString: Untagged
  m_Icon: {fileID: 0}
  m_NavMeshLayer: 0
  m_StaticEditorFlags: 0
  m_IsActive: 1
--- !u!4 &3783514709497255816
Transform:
  m_ObjectHideFlags: 0
  m_CorrespondingSourceObject: {fileID: 0}
  m_PrefabInstance: {fileID: 0}
  m_PrefabAsset: {fileID: 0}
  m_GameObject: {fileID: 3785417114827906132}
  m_LocalRotation: {x: 0.64709145, y: 0.21039519, z: -0.61134183, w: -0.40406412}
  m_LocalPosition: {x: -0.23575154, y: 0.031276606, z: -0.027129091}
  m_LocalScale: {x: 1, y: 1, z: 0.99999994}
  m_Children:
  - {fileID: 3783097346622081952}
  m_Father: {fileID: 3783392747492529306}
  m_RootOrder: 1
  m_LocalEulerAnglesHint: {x: -15.407726, y: -85.59693, z: 127.35405}
--- !u!1 &3785418179782706142
GameObject:
  m_ObjectHideFlags: 0
  m_CorrespondingSourceObject: {fileID: 0}
  m_PrefabInstance: {fileID: 0}
  m_PrefabAsset: {fileID: 0}
  serializedVersion: 6
  m_Component:
  - component: {fileID: 3791605803597187214}
  m_Layer: 9
  m_Name: index_1_L
  m_TagString: Untagged
  m_Icon: {fileID: 0}
  m_NavMeshLayer: 0
  m_StaticEditorFlags: 0
  m_IsActive: 1
--- !u!4 &3791605803597187214
Transform:
  m_ObjectHideFlags: 0
  m_CorrespondingSourceObject: {fileID: 0}
  m_PrefabInstance: {fileID: 0}
  m_PrefabAsset: {fileID: 0}
  m_GameObject: {fileID: 3785418179782706142}
  m_LocalRotation: {x: -0.650198, y: -0.1427869, z: 0.5481982, w: 0.5062936}
  m_LocalPosition: {x: -0.22373521, y: 0.08734611, z: 0.050090887}
  m_LocalScale: {x: 0.99999994, y: 0.9999998, z: 1}
  m_Children:
  - {fileID: 3783475941184032840}
  m_Father: {fileID: 3783392747492529306}
  m_RootOrder: 0
  m_LocalEulerAnglesHint: {x: -30.121222, y: -82.44599, z: 121.0825}
--- !u!1 &3785451482539278558
GameObject:
  m_ObjectHideFlags: 0
  m_CorrespondingSourceObject: {fileID: 0}
  m_PrefabInstance: {fileID: 0}
  m_PrefabAsset: {fileID: 0}
  serializedVersion: 6
  m_Component:
  - component: {fileID: 3783182582809929048}
  m_Layer: 9
  m_Name: hip_motion
  m_TagString: Untagged
  m_Icon: {fileID: 0}
  m_NavMeshLayer: 0
  m_StaticEditorFlags: 0
  m_IsActive: 1
--- !u!4 &3783182582809929048
Transform:
  m_ObjectHideFlags: 0
  m_CorrespondingSourceObject: {fileID: 0}
  m_PrefabInstance: {fileID: 0}
  m_PrefabAsset: {fileID: 0}
  m_GameObject: {fileID: 3785451482539278558}
  m_LocalRotation: {x: 0.6493604, y: 0.025077082, z: 0.75950116, w: -0.029330615}
  m_LocalPosition: {x: 0.35735327, y: -0.000000008989938, z: -0.51281714}
  m_LocalScale: {x: 0.99999976, y: 0.99999994, z: 0.9999999}
  m_Children:
  - {fileID: 3783528052894727734}
  - {fileID: 3791708051339894450}
  - {fileID: 3791864701050600526}
  m_Father: {fileID: 3783227067209652018}
  m_RootOrder: 0
  m_LocalEulerAnglesHint: {x: 4.719983, y: 93.17221, z: -98.46413}
--- !u!1 &3785451766554441840
GameObject:
  m_ObjectHideFlags: 0
  m_CorrespondingSourceObject: {fileID: 0}
  m_PrefabInstance: {fileID: 0}
  m_PrefabAsset: {fileID: 0}
  serializedVersion: 6
  m_Component:
  - component: {fileID: 3783374507568815560}
  m_Layer: 9
  m_Name: toes_R
  m_TagString: Untagged
  m_Icon: {fileID: 0}
  m_NavMeshLayer: 0
  m_StaticEditorFlags: 0
  m_IsActive: 1
--- !u!4 &3783374507568815560
Transform:
  m_ObjectHideFlags: 0
  m_CorrespondingSourceObject: {fileID: 0}
  m_PrefabInstance: {fileID: 0}
  m_PrefabAsset: {fileID: 0}
  m_GameObject: {fileID: 3785451766554441840}
  m_LocalRotation: {x: 0.9544209, y: -0.00000015339626, z: 0.29846388, w: -0.000000066690895}
  m_LocalPosition: {x: -0.20724961, y: 0.00000003633645, z: -0.000000073496366}
  m_LocalScale: {x: 1.0000001, y: 1, z: 1}
  m_Children: []
  m_Father: {fileID: 3783257092176906372}
  m_RootOrder: 0
  m_LocalEulerAnglesHint: {x: -0.0000010541862, y: 145.26926, z: -179.99997}
--- !u!1 &3785474042597879654
GameObject:
  m_ObjectHideFlags: 0
  m_CorrespondingSourceObject: {fileID: 0}
  m_PrefabInstance: {fileID: 0}
  m_PrefabAsset: {fileID: 0}
  serializedVersion: 6
  m_Component:
  - component: {fileID: 3783551701091032928}
  m_Layer: 9
  m_Name: shoulder_R
  m_TagString: Untagged
  m_Icon: {fileID: 0}
  m_NavMeshLayer: 0
  m_StaticEditorFlags: 0
  m_IsActive: 1
--- !u!4 &3783551701091032928
Transform:
  m_ObjectHideFlags: 0
  m_CorrespondingSourceObject: {fileID: 0}
  m_PrefabInstance: {fileID: 0}
  m_PrefabAsset: {fileID: 0}
  m_GameObject: {fileID: 3785474042597879654}
  m_LocalRotation: {x: 0.28108367, y: -0.5094117, z: -0.41674265, w: 0.6984392}
  m_LocalPosition: {x: -0.3088612, y: 0.12393011, z: 0.1890544}
  m_LocalScale: {x: 0.99999994, y: 1.0000002, z: 0.9999999}
  m_Children:
  - {fileID: 3791620462739610328}
  m_Father: {fileID: 3791823569100789910}
  m_RootOrder: 2
  m_LocalEulerAnglesHint: {x: -1.6511905, y: -70.757996, z: -61.340897}
--- !u!1 &3785500714959023328
GameObject:
  m_ObjectHideFlags: 0
  m_CorrespondingSourceObject: {fileID: 0}
  m_PrefabInstance: {fileID: 0}
  m_PrefabAsset: {fileID: 0}
  serializedVersion: 6
  m_Component:
  - component: {fileID: 3791917989698843826}
  m_Layer: 9
  m_Name: index_3_R
  m_TagString: Untagged
  m_Icon: {fileID: 0}
  m_NavMeshLayer: 0
  m_StaticEditorFlags: 0
  m_IsActive: 1
--- !u!4 &3791917989698843826
Transform:
  m_ObjectHideFlags: 0
  m_CorrespondingSourceObject: {fileID: 0}
  m_PrefabInstance: {fileID: 0}
  m_PrefabAsset: {fileID: 0}
  m_GameObject: {fileID: 3785500714959023328}
  m_LocalRotation: {x: 0.65181875, y: 0.18831693, z: 0.37483293, w: 0.6317985}
  m_LocalPosition: {x: -0.07345927, y: -0.00000017508864, z: 0.000000044703484}
  m_LocalScale: {x: 1, y: 0.9999999, z: 1}
  m_Children: []
  m_Father: {fileID: 3791634521223311138}
  m_RootOrder: 0
  m_LocalEulerAnglesHint: {x: 43.03628, y: 83.768524, z: 100.30352}
--- !u!1 &3785504407068142068
GameObject:
  m_ObjectHideFlags: 0
  m_CorrespondingSourceObject: {fileID: 0}
  m_PrefabInstance: {fileID: 0}
  m_PrefabAsset: {fileID: 0}
  serializedVersion: 6
  m_Component:
  - component: {fileID: 3783052222423266590}
  m_Layer: 9
  m_Name: ring_3_L
  m_TagString: Untagged
  m_Icon: {fileID: 0}
  m_NavMeshLayer: 0
  m_StaticEditorFlags: 0
  m_IsActive: 1
--- !u!4 &3783052222423266590
Transform:
  m_ObjectHideFlags: 0
  m_CorrespondingSourceObject: {fileID: 0}
  m_PrefabInstance: {fileID: 0}
  m_PrefabAsset: {fileID: 0}
  m_GameObject: {fileID: 3785504407068142068}
  m_LocalRotation: {x: 0.55799425, y: 0.61184627, z: 0.39568213, w: -0.3971426}
  m_LocalPosition: {x: -0.088669725, y: 0.00000010430813, z: 0.000000037252903}
  m_LocalScale: {x: 0.9999999, y: 0.99999994, z: 0.99999994}
  m_Children: []
  m_Father: {fileID: 3791640064354882546}
  m_RootOrder: 0
  m_LocalEulerAnglesHint: {x: -68.03304, y: -173.18262, z: 80.12444}
--- !u!1 &3785505239919997382
GameObject:
  m_ObjectHideFlags: 0
  m_CorrespondingSourceObject: {fileID: 0}
  m_PrefabInstance: {fileID: 0}
  m_PrefabAsset: {fileID: 0}
  serializedVersion: 6
  m_Component:
  - component: {fileID: 3783309058547266012}
  m_Layer: 9
  m_Name: upperarm_L
  m_TagString: Untagged
  m_Icon: {fileID: 0}
  m_NavMeshLayer: 0
  m_StaticEditorFlags: 0
  m_IsActive: 1
--- !u!4 &3783309058547266012
Transform:
  m_ObjectHideFlags: 0
  m_CorrespondingSourceObject: {fileID: 0}
  m_PrefabInstance: {fileID: 0}
  m_PrefabAsset: {fileID: 0}
  m_GameObject: {fileID: 3785505239919997382}
  m_LocalRotation: {x: 0.25867084, y: -0.5399104, z: 0.24049647, w: 0.7640338}
  m_LocalPosition: {x: -0.38119224, y: 0.052211177, z: -0.08945461}
  m_LocalScale: {x: 1.0000002, y: 1, z: 0.9999994}
  m_Children:
  - {fileID: 3791664519688483012}
  m_Father: {fileID: 3791537012537785536}
  m_RootOrder: 0
  m_LocalEulerAnglesHint: {x: 29.55335, y: -48.75836, z: -5.0827303}
--- !u!1 &3785528922482161774
GameObject:
  m_ObjectHideFlags: 0
  m_CorrespondingSourceObject: {fileID: 0}
  m_PrefabInstance: {fileID: 0}
  m_PrefabAsset: {fileID: 0}
  serializedVersion: 6
  m_Component:
  - component: {fileID: 3783563361668269128}
  - component: {fileID: 3848102851425877304}
  m_Layer: 9
  m_Name: Cyclop
  m_TagString: Untagged
  m_Icon: {fileID: 0}
  m_NavMeshLayer: 0
  m_StaticEditorFlags: 0
  m_IsActive: 1
--- !u!4 &3783563361668269128
Transform:
  m_ObjectHideFlags: 0
  m_CorrespondingSourceObject: {fileID: 0}
  m_PrefabInstance: {fileID: 0}
  m_PrefabAsset: {fileID: 0}
  m_GameObject: {fileID: 3785528922482161774}
  m_LocalRotation: {x: 0, y: -0, z: -0, w: 1}
  m_LocalPosition: {x: -0, y: 0, z: 0}
  m_LocalScale: {x: 1, y: 1, z: 1}
  m_Children: []
  m_Father: {fileID: 3783384599033293460}
  m_RootOrder: 1
  m_LocalEulerAnglesHint: {x: 0, y: 0, z: 0}
--- !u!137 &3848102851425877304
SkinnedMeshRenderer:
  m_ObjectHideFlags: 0
  m_CorrespondingSourceObject: {fileID: 0}
  m_PrefabInstance: {fileID: 0}
  m_PrefabAsset: {fileID: 0}
  m_GameObject: {fileID: 3785528922482161774}
  m_Enabled: 1
  m_CastShadows: 1
  m_ReceiveShadows: 1
  m_DynamicOccludee: 1
  m_MotionVectors: 1
  m_LightProbeUsage: 1
  m_ReflectionProbeUsage: 1
  m_RenderingLayerMask: 1
  m_RendererPriority: 0
  m_Materials:
  - {fileID: 2100000, guid: 90b4c5cf6541742239732996d65f18de, type: 2}
  - {fileID: 2100000, guid: 245ba82435436394daa6d3403b365be9, type: 2}
  m_StaticBatchInfo:
    firstSubMesh: 0
    subMeshCount: 0
  m_StaticBatchRoot: {fileID: 0}
  m_ProbeAnchor: {fileID: 0}
  m_LightProbeVolumeOverride: {fileID: 0}
  m_ScaleInLightmap: 1
  m_PreserveUVs: 0
  m_IgnoreNormalsForChartDetection: 0
  m_ImportantGI: 0
  m_StitchLightmapSeams: 0
  m_SelectedEditorRenderState: 3
  m_MinimumChartSize: 4
  m_AutoUVMaxDistance: 0.5
  m_AutoUVMaxAngle: 89
  m_LightmapParameters: {fileID: 0}
  m_SortingLayerID: 0
  m_SortingLayer: 0
  m_SortingOrder: 0
  serializedVersion: 2
  m_Quality: 0
  m_UpdateWhenOffscreen: 0
  m_SkinnedMotionVectors: 1
  m_Mesh: {fileID: 4300000, guid: 9d693f089b09f2e4b9dd4789d5ec3f55, type: 3}
  m_Bones:
  - {fileID: 3791708051339894450}
  - {fileID: 3791474735515281662}
  - {fileID: 3783528052894727734}
  - {fileID: 3791821810509905576}
  - {fileID: 3791864701050600526}
  - {fileID: 3783391224732861402}
  - {fileID: 3791823569100789910}
  - {fileID: 3791547159807808410}
  - {fileID: 3791483301928542948}
  - {fileID: 3783249187736662302}
  - {fileID: 3791822088269407766}
  - {fileID: 3791489484484292066}
  - {fileID: 3783532204999093210}
  - {fileID: 3783556673320817306}
  - {fileID: 3791537012537785536}
  - {fileID: 3783309058547266012}
  - {fileID: 3791664519688483012}
  - {fileID: 3783392747492529306}
  - {fileID: 3791819730382561718}
  - {fileID: 3791781387542554534}
  - {fileID: 3791605803597187214}
  - {fileID: 3783475941184032840}
  - {fileID: 3783548220216551994}
  - {fileID: 3783514709497255816}
  - {fileID: 3783097346622081952}
  - {fileID: 3791476246979133224}
  - {fileID: 3791923110029518170}
  - {fileID: 3791640064354882546}
  - {fileID: 3783052222423266590}
  - {fileID: 3783551701091032928}
  - {fileID: 3791620462739610328}
  - {fileID: 3791806788435913768}
  - {fileID: 3791875290105941638}
  - {fileID: 3791721807508112510}
  - {fileID: 3783238929004662608}
  - {fileID: 3783110697325072688}
  - {fileID: 3791634521223311138}
  - {fileID: 3791917989698843826}
  - {fileID: 3791488114888751986}
  - {fileID: 3791663472202651734}
  - {fileID: 3791925164522684574}
  - {fileID: 3791546313937678510}
  - {fileID: 3791505499051931372}
  - {fileID: 3783156920604985496}
  - {fileID: 3791658743881432574}
  - {fileID: 3791553143349154676}
  - {fileID: 3783256072788864884}
  - {fileID: 3783322724215718738}
  - {fileID: 3791586929339751442}
  - {fileID: 3783174728744416212}
  - {fileID: 3783257092176906372}
  - {fileID: 3783374507568815560}
  - {fileID: 3783582536281898736}
  m_BlendShapeWeights: []
  m_RootBone: {fileID: 3791864701050600526}
  m_AABB:
    m_Center: {x: -0.34332228, y: 0.00000047683716, z: -0.047206283}
    m_Extent: {x: 1.4895566, y: 1.4177817, z: 1.266838}
  m_DirtyAABB: 0
--- !u!1 &3785538816635619552
GameObject:
  m_ObjectHideFlags: 0
  m_CorrespondingSourceObject: {fileID: 0}
  m_PrefabInstance: {fileID: 0}
  m_PrefabAsset: {fileID: 0}
  serializedVersion: 6
  m_Component:
  - component: {fileID: 3791476246979133224}
  m_Layer: 9
  m_Name: middle_3_L
  m_TagString: Untagged
  m_Icon: {fileID: 0}
  m_NavMeshLayer: 0
  m_StaticEditorFlags: 0
  m_IsActive: 1
--- !u!4 &3791476246979133224
Transform:
  m_ObjectHideFlags: 0
  m_CorrespondingSourceObject: {fileID: 0}
  m_PrefabInstance: {fileID: 0}
  m_PrefabAsset: {fileID: 0}
  m_GameObject: {fileID: 3785538816635619552}
  m_LocalRotation: {x: -0.47723436, y: -0.6433546, z: -0.32638973, w: 0.5018088}
  m_LocalPosition: {x: -0.08777268, y: 0.000000011175871, z: 0.000000040978193}
  m_LocalScale: {x: 1, y: 1, z: 0.99999994}
  m_Children: []
  m_Father: {fileID: 3783097346622081952}
  m_RootOrder: 0
  m_LocalEulerAnglesHint: {x: -64.0177, y: -130.2933, z: 40.84009}
--- !u!1 &3785548818665859144
GameObject:
  m_ObjectHideFlags: 0
  m_CorrespondingSourceObject: {fileID: 0}
  m_PrefabInstance: {fileID: 0}
  m_PrefabAsset: {fileID: 0}
  serializedVersion: 6
  m_Component:
  - component: {fileID: 3791640064354882546}
  m_Layer: 9
  m_Name: ring_2_L
  m_TagString: Untagged
  m_Icon: {fileID: 0}
  m_NavMeshLayer: 0
  m_StaticEditorFlags: 0
  m_IsActive: 1
--- !u!4 &3791640064354882546
Transform:
  m_ObjectHideFlags: 0
  m_CorrespondingSourceObject: {fileID: 0}
  m_PrefabInstance: {fileID: 0}
  m_PrefabAsset: {fileID: 0}
  m_GameObject: {fileID: 3785548818665859144}
  m_LocalRotation: {x: 0.16488956, y: -0.55081767, z: 0.039764423, w: 0.81720877}
  m_LocalPosition: {x: -0.08792196, y: -0.000000014901161, z: -0.000000074505806}
  m_LocalScale: {x: 1, y: 1, z: 1}
  m_Children:
  - {fileID: 3783052222423266590}
  m_Father: {fileID: 3791923110029518170}
  m_RootOrder: 0
  m_LocalEulerAnglesHint: {x: 18.258472, y: -69.09706, z: -7.0561028}
--- !u!1 &3785595698844177468
GameObject:
  m_ObjectHideFlags: 0
  m_CorrespondingSourceObject: {fileID: 0}
  m_PrefabInstance: {fileID: 0}
  m_PrefabAsset: {fileID: 0}
  serializedVersion: 6
  m_Component:
  - component: {fileID: 3783532204999093210}
  m_Layer: 9
  m_Name: upperlip
  m_TagString: Untagged
  m_Icon: {fileID: 0}
  m_NavMeshLayer: 0
  m_StaticEditorFlags: 0
  m_IsActive: 1
--- !u!4 &3783532204999093210
Transform:
  m_ObjectHideFlags: 0
  m_CorrespondingSourceObject: {fileID: 0}
  m_PrefabInstance: {fileID: 0}
  m_PrefabAsset: {fileID: 0}
  m_GameObject: {fileID: 3785595698844177468}
  m_LocalRotation: {x: -0.000000016490018, y: 0.97163707, z: 0.00000006775417, w: 0.23647714}
  m_LocalPosition: {x: -0.12363722, y: 0.000000077299774, z: 0.20397314}
  m_LocalScale: {x: 1, y: 0.99999994, z: 1}
  m_Children: []
  m_Father: {fileID: 3791483301928542948}
  m_RootOrder: 4
  m_LocalEulerAnglesHint: {x: -0.000008075955, y: 152.64258, z: -0.0000001067217}
--- !u!1 &3785603822518936916
GameObject:
  m_ObjectHideFlags: 0
  m_CorrespondingSourceObject: {fileID: 0}
  m_PrefabInstance: {fileID: 0}
  m_PrefabAsset: {fileID: 0}
  serializedVersion: 6
  m_Component:
  - component: {fileID: 3791806788435913768}
  m_Layer: 9
  m_Name: forearm_R
  m_TagString: Untagged
  m_Icon: {fileID: 0}
  m_NavMeshLayer: 0
  m_StaticEditorFlags: 0
  m_IsActive: 1
--- !u!4 &3791806788435913768
Transform:
  m_ObjectHideFlags: 0
  m_CorrespondingSourceObject: {fileID: 0}
  m_PrefabInstance: {fileID: 0}
  m_PrefabAsset: {fileID: 0}
  m_GameObject: {fileID: 3785603822518936916}
  m_LocalRotation: {x: -0.60603654, y: -0.31629056, z: 0.270073, w: 0.6780417}
  m_LocalPosition: {x: -0.4090777, y: 0.000000029802322, z: 0.00000016391277}
  m_LocalScale: {x: 0.99999994, y: 0.9999999, z: 0.9999997}
  m_Children:
  - {fileID: 3791875290105941638}
  m_Father: {fileID: 3791620462739610328}
  m_RootOrder: 0
  m_LocalEulerAnglesHint: {x: -53.715942, y: -80.407364, z: 75.88236}
--- !u!1 &3785847617258421188
GameObject:
  m_ObjectHideFlags: 0
  m_CorrespondingSourceObject: {fileID: 0}
  m_PrefabInstance: {fileID: 0}
  m_PrefabAsset: {fileID: 0}
  serializedVersion: 6
  m_Component:
  - component: {fileID: 3791586929339751442}
  m_Layer: 9
  m_Name: thigh_R
  m_TagString: Untagged
  m_Icon: {fileID: 0}
  m_NavMeshLayer: 0
  m_StaticEditorFlags: 0
  m_IsActive: 1
--- !u!4 &3791586929339751442
Transform:
  m_ObjectHideFlags: 0
  m_CorrespondingSourceObject: {fileID: 0}
  m_PrefabInstance: {fileID: 0}
  m_PrefabAsset: {fileID: 0}
  m_GameObject: {fileID: 3785847617258421188}
  m_LocalRotation: {x: -0.06939345, y: 0.9974396, z: -0.017018123, w: -0.0030165466}
  m_LocalPosition: {x: -0.087323256, y: 0.24075149, z: -0.016691877}
  m_LocalScale: {x: 0.99999964, y: 1.0000002, z: 1.0000005}
  m_Children:
  - {fileID: 3783174728744416212}
  m_Father: {fileID: 3791864701050600526}
  m_RootOrder: 0
  m_LocalEulerAnglesHint: {x: 2.102263, y: -167.59224, z: 0.022822857}
--- !u!1 &3785861475970230852
GameObject:
  m_ObjectHideFlags: 0
  m_CorrespondingSourceObject: {fileID: 0}
  m_PrefabInstance: {fileID: 0}
  m_PrefabAsset: {fileID: 0}
  serializedVersion: 6
  m_Component:
  - component: {fileID: 3783156920604985496}
  m_Layer: 9
  m_Name: ring_3_R
  m_TagString: Untagged
  m_Icon: {fileID: 0}
  m_NavMeshLayer: 0
  m_StaticEditorFlags: 0
  m_IsActive: 1
--- !u!4 &3783156920604985496
Transform:
  m_ObjectHideFlags: 0
  m_CorrespondingSourceObject: {fileID: 0}
  m_PrefabInstance: {fileID: 0}
  m_PrefabAsset: {fileID: 0}
  m_GameObject: {fileID: 3785861475970230852}
  m_LocalRotation: {x: -0.48870957, y: 0.3838058, z: 0.3770427, w: 0.6868004}
  m_LocalPosition: {x: -0.08866969, y: -0.000000074505806, z: -0.000000029802322}
  m_LocalScale: {x: 1, y: 1, z: 0.99999994}
  m_Children: []
  m_Father: {fileID: 3791505499051931372}
  m_RootOrder: 0
  m_LocalEulerAnglesHint: {x: -80.758194, y: 13.3268, z: 4.2778664}
--- !u!1 &3785936307845726798
GameObject:
  m_ObjectHideFlags: 0
  m_CorrespondingSourceObject: {fileID: 0}
  m_PrefabInstance: {fileID: 0}
  m_PrefabAsset: {fileID: 0}
  serializedVersion: 6
  m_Component:
  - component: {fileID: 3791823569100789910}
  m_Layer: 9
  m_Name: chest
  m_TagString: Untagged
  m_Icon: {fileID: 0}
  m_NavMeshLayer: 0
  m_StaticEditorFlags: 0
  m_IsActive: 1
--- !u!4 &3791823569100789910
Transform:
  m_ObjectHideFlags: 0
  m_CorrespondingSourceObject: {fileID: 0}
  m_PrefabInstance: {fileID: 0}
  m_PrefabAsset: {fileID: 0}
  m_GameObject: {fileID: 3785936307845726798}
  m_LocalRotation: {x: 0.00000003591061, y: 0.120857485, z: -0.000000029820782, w: 0.9926699}
  m_LocalPosition: {x: -0.39279646, y: 0.00000003009336, z: 0.000000004778485}
  m_LocalScale: {x: 0.99999994, y: 0.99999994, z: 0.9999998}
  m_Children:
  - {fileID: 3791547159807808410}
  - {fileID: 3791537012537785536}
  - {fileID: 3783551701091032928}
  m_Father: {fileID: 3783391224732861402}
  m_RootOrder: 0
  m_LocalEulerAnglesHint: {x: 0.000009536743, y: 13.883186, z: -0.000002682209}
--- !u!1 &3785949376249649464
GameObject:
  m_ObjectHideFlags: 0
  m_CorrespondingSourceObject: {fileID: 0}
  m_PrefabInstance: {fileID: 0}
  m_PrefabAsset: {fileID: 0}
  serializedVersion: 6
  m_Component:
  - component: {fileID: 3783365953442095096}
  m_Layer: 9
  m_Name: Armature
  m_TagString: Untagged
  m_Icon: {fileID: 0}
  m_NavMeshLayer: 0
  m_StaticEditorFlags: 0
  m_IsActive: 1
--- !u!4 &3783365953442095096
Transform:
  m_ObjectHideFlags: 0
  m_CorrespondingSourceObject: {fileID: 0}
  m_PrefabInstance: {fileID: 0}
  m_PrefabAsset: {fileID: 0}
  m_GameObject: {fileID: 3785949376249649464}
  m_LocalRotation: {x: -0.7071068, y: 0, z: -0, w: 0.7071068}
  m_LocalPosition: {x: -0, y: 0, z: 0}
  m_LocalScale: {x: 1, y: 1, z: 1}
  m_Children:
  - {fileID: 3791546082885934812}
  - {fileID: 3783582536281898736}
  m_Father: {fileID: 3783384599033293460}
  m_RootOrder: 0
  m_LocalEulerAnglesHint: {x: -90, y: 0, z: 0}
--- !u!1 &3785963621429526410
GameObject:
  m_ObjectHideFlags: 0
  m_CorrespondingSourceObject: {fileID: 0}
  m_PrefabInstance: {fileID: 0}
  m_PrefabAsset: {fileID: 0}
  serializedVersion: 6
  m_Component:
  - component: {fileID: 3791822088269407766}
  m_Layer: 9
  m_Name: forehead
  m_TagString: Untagged
  m_Icon: {fileID: 0}
  m_NavMeshLayer: 0
  m_StaticEditorFlags: 0
  m_IsActive: 1
--- !u!4 &3791822088269407766
Transform:
  m_ObjectHideFlags: 0
  m_CorrespondingSourceObject: {fileID: 0}
  m_PrefabInstance: {fileID: 0}
  m_PrefabAsset: {fileID: 0}
  m_GameObject: {fileID: 3785963621429526410}
  m_LocalRotation: {x: -0.000000015870091, y: 0.97163707, z: 0.00000006520702, w: 0.23647714}
  m_LocalPosition: {x: -0.23052838, y: 0.000024877489, z: 0.14845958}
  m_LocalScale: {x: 1, y: 0.99999994, z: 1}
  m_Children: []
  m_Father: {fileID: 3791483301928542948}
  m_RootOrder: 2
  m_LocalEulerAnglesHint: {x: -0.000007865672, y: 152.64258, z: -0.0000001067217}
--- !u!1 &3785985701374255590
GameObject:
  m_ObjectHideFlags: 0
  m_CorrespondingSourceObject: {fileID: 0}
  m_PrefabInstance: {fileID: 0}
  m_PrefabAsset: {fileID: 0}
  serializedVersion: 6
  m_Component:
  - component: {fileID: 3783391224732861402}
  m_Layer: 9
  m_Name: spine
  m_TagString: Untagged
  m_Icon: {fileID: 0}
  m_NavMeshLayer: 0
  m_StaticEditorFlags: 0
  m_IsActive: 1
--- !u!4 &3783391224732861402
Transform:
  m_ObjectHideFlags: 0
  m_CorrespondingSourceObject: {fileID: 0}
  m_PrefabInstance: {fileID: 0}
  m_PrefabAsset: {fileID: 0}
  m_GameObject: {fileID: 3785985701374255590}
  m_LocalRotation: {x: 0.048249375, y: -0.01688344, z: 0.0045548594, w: 0.99868226}
  m_LocalPosition: {x: -0.39027697, y: 0.00000002918475, z: 0.00000002618346}
  m_LocalScale: {x: 1, y: 1, z: 0.9999997}
  m_Children:
  - {fileID: 3791823569100789910}
  m_Father: {fileID: 3791864701050600526}
  m_RootOrder: 1
  m_LocalEulerAnglesHint: {x: 8.679684, y: -4.0567875, z: 4.071005}
--- !u!1 &3785985927973481976
GameObject:
  m_ObjectHideFlags: 0
  m_CorrespondingSourceObject: {fileID: 0}
  m_PrefabInstance: {fileID: 0}
  m_PrefabAsset: {fileID: 0}
  serializedVersion: 6
  m_Component:
  - component: {fileID: 3783528052894727734}
  m_Layer: 9
  m_Name: cloth_back_1
  m_TagString: Untagged
  m_Icon: {fileID: 0}
  m_NavMeshLayer: 0
  m_StaticEditorFlags: 0
  m_IsActive: 1
--- !u!4 &3783528052894727734
Transform:
  m_ObjectHideFlags: 0
  m_CorrespondingSourceObject: {fileID: 0}
  m_PrefabInstance: {fileID: 0}
  m_PrefabAsset: {fileID: 0}
  m_GameObject: {fileID: 3785985927973481976}
  m_LocalRotation: {x: 0.00000004232772, y: 0.008487889, z: 0.000000002024969, w: 0.999964}
  m_LocalPosition: {x: -0.17346492, y: -0.00000007161263, z: 0.31801713}
  m_LocalScale: {x: 1, y: 1, z: 1}
  m_Children:
  - {fileID: 3791821810509905576}
  m_Father: {fileID: 3783182582809929048}
  m_RootOrder: 0
  m_LocalEulerAnglesHint: {x: 0.000004889373, y: 0.97265166, z: 0.00000026902623}
--- !u!1 &3785998617412940068
GameObject:
  m_ObjectHideFlags: 0
  m_CorrespondingSourceObject: {fileID: 0}
  m_PrefabInstance: {fileID: 0}
  m_PrefabAsset: {fileID: 0}
  serializedVersion: 6
  m_Component:
  - component: {fileID: 3783249187736662302}
  m_Layer: 9
  m_Name: jaw
  m_TagString: Untagged
  m_Icon: {fileID: 0}
  m_NavMeshLayer: 0
  m_StaticEditorFlags: 0
  m_IsActive: 1
--- !u!4 &3783249187736662302
Transform:
  m_ObjectHideFlags: 0
  m_CorrespondingSourceObject: {fileID: 0}
  m_PrefabInstance: {fileID: 0}
  m_PrefabAsset: {fileID: 0}
  m_GameObject: {fileID: 3785998617412940068}
  m_LocalRotation: {x: -0.0020303945, y: 0.68170124, z: 0.00018657865, w: 0.7316279}
  m_LocalPosition: {x: -0.028244857, y: -0.0012913325, z: 0.09278777}
  m_LocalScale: {x: 0.9999999, y: 0.9999998, z: 1}
  m_Children: []
  m_Father: {fileID: 3791483301928542948}
  m_RootOrder: 3
  m_LocalEulerAnglesHint: {x: 0.9946512, y: 68.064384, z: -0.5235361}
--- !u!1 &3786000835539864736
GameObject:
  m_ObjectHideFlags: 0
  m_CorrespondingSourceObject: {fileID: 0}
  m_PrefabInstance: {fileID: 0}
  m_PrefabAsset: {fileID: 0}
  serializedVersion: 6
  m_Component:
  - component: {fileID: 3783238929004662608}
  m_Layer: 9
  m_Name: thumb_2_R
  m_TagString: Untagged
  m_Icon: {fileID: 0}
  m_NavMeshLayer: 0
  m_StaticEditorFlags: 0
  m_IsActive: 1
--- !u!4 &3783238929004662608
Transform:
  m_ObjectHideFlags: 0
  m_CorrespondingSourceObject: {fileID: 0}
  m_PrefabInstance: {fileID: 0}
  m_PrefabAsset: {fileID: 0}
  m_GameObject: {fileID: 3786000835539864736}
  m_LocalRotation: {x: -0.07810137, y: 0.36559644, z: 0.091307804, w: 0.92298555}
  m_LocalPosition: {x: -0.10785187, y: -0.000000014901161, z: -0.000000014901161}
  m_LocalScale: {x: 1.0000001, y: 1, z: 1.0000001}
  m_Children: []
  m_Father: {fileID: 3791721807508112510}
  m_RootOrder: 0
  m_LocalEulerAnglesHint: {x: -12.177235, y: 42.518177, z: 6.5465035}
--- !u!1 &3786001523298790602
GameObject:
  m_ObjectHideFlags: 0
  m_CorrespondingSourceObject: {fileID: 0}
  m_PrefabInstance: {fileID: 0}
  m_PrefabAsset: {fileID: 0}
  serializedVersion: 6
  m_Component:
  - component: {fileID: 3791505499051931372}
  m_Layer: 9
  m_Name: ring_2_R
  m_TagString: Untagged
  m_Icon: {fileID: 0}
  m_NavMeshLayer: 0
  m_StaticEditorFlags: 0
  m_IsActive: 1
--- !u!4 &3791505499051931372
Transform:
  m_ObjectHideFlags: 0
  m_CorrespondingSourceObject: {fileID: 0}
  m_PrefabInstance: {fileID: 0}
  m_PrefabAsset: {fileID: 0}
  m_GameObject: {fileID: 3786001523298790602}
  m_LocalRotation: {x: 0.045054436, y: 0.5251691, z: 0.19157352, w: 0.82792944}
  m_LocalPosition: {x: -0.08792217, y: 0.000000044703484, z: 0}
  m_LocalScale: {x: 1, y: 0.9999998, z: 0.99999994}
  m_Children:
  - {fileID: 3783156920604985496}
  m_Father: {fileID: 3791546313937678510}
  m_RootOrder: 0
  m_LocalEulerAnglesHint: {x: -7.2739367, y: 63.3884, z: 21.561438}
--- !u!1 &3786034364761670462
GameObject:
  m_ObjectHideFlags: 0
  m_CorrespondingSourceObject: {fileID: 0}
  m_PrefabInstance: {fileID: 0}
  m_PrefabAsset: {fileID: 0}
  serializedVersion: 6
  m_Component:
  - component: {fileID: 3791546313937678510}
  m_Layer: 9
  m_Name: ring_1_R
  m_TagString: Untagged
  m_Icon: {fileID: 0}
  m_NavMeshLayer: 0
  m_StaticEditorFlags: 0
  m_IsActive: 1
--- !u!4 &3791546313937678510
Transform:
  m_ObjectHideFlags: 0
  m_CorrespondingSourceObject: {fileID: 0}
  m_PrefabInstance: {fileID: 0}
  m_PrefabAsset: {fileID: 0}
  m_GameObject: {fileID: 3786034364761670462}
  m_LocalRotation: {x: 0.19578567, y: 0.4567346, z: -0.022350315, w: 0.8675033}
  m_LocalPosition: {x: -0.19036013, y: 0.11680194, z: 0.01573776}
  m_LocalScale: {x: 1.0000001, y: 0.9999998, z: 1}
  m_Children:
  - {fileID: 3791505499051931372}
  m_Father: {fileID: 3791875290105941638}
  m_RootOrder: 3
  m_LocalEulerAnglesHint: {x: 21.106678, y: 57.14466, z: 8.634971}
--- !u!1 &3786048777669188476
GameObject:
  m_ObjectHideFlags: 0
  m_CorrespondingSourceObject: {fileID: 0}
  m_PrefabInstance: {fileID: 0}
  m_PrefabAsset: {fileID: 0}
  serializedVersion: 6
  m_Component:
  - component: {fileID: 3791488114888751986}
  m_Layer: 9
  m_Name: middle_1_R
  m_TagString: Untagged
  m_Icon: {fileID: 0}
  m_NavMeshLayer: 0
  m_StaticEditorFlags: 0
  m_IsActive: 1
--- !u!4 &3791488114888751986
Transform:
  m_ObjectHideFlags: 0
  m_CorrespondingSourceObject: {fileID: 0}
  m_PrefabInstance: {fileID: 0}
  m_PrefabAsset: {fileID: 0}
  m_GameObject: {fileID: 3786048777669188476}
  m_LocalRotation: {x: -0.6774998, y: 0.15057546, z: 0.40938082, w: 0.5922233}
  m_LocalPosition: {x: -0.23035578, y: 0.037792005, z: -0.044145428}
  m_LocalScale: {x: 1.0000001, y: 1.0000001, z: 1.0000001}
  m_Children:
  - {fileID: 3791663472202651734}
  m_Father: {fileID: 3791875290105941638}
  m_RootOrder: 2
  m_LocalEulerAnglesHint: {x: -67.781364, y: -84.43928, z: 132.03485}
--- !u!1 &3786088662709257362
GameObject:
  m_ObjectHideFlags: 0
  m_CorrespondingSourceObject: {fileID: 0}
  m_PrefabInstance: {fileID: 0}
  m_PrefabAsset: {fileID: 0}
  serializedVersion: 6
  m_Component:
  - component: {fileID: 3791537012537785536}
  m_Layer: 9
  m_Name: shoulder_L
  m_TagString: Untagged
  m_Icon: {fileID: 0}
  m_NavMeshLayer: 0
  m_StaticEditorFlags: 0
  m_IsActive: 1
--- !u!4 &3791537012537785536
Transform:
  m_ObjectHideFlags: 0
  m_CorrespondingSourceObject: {fileID: 0}
  m_PrefabInstance: {fileID: 0}
  m_PrefabAsset: {fileID: 0}
  m_GameObject: {fileID: 3786088662709257362}
  m_LocalRotation: {x: -0.3247495, y: -0.54763836, z: 0.37042305, w: 0.6763259}
  m_LocalPosition: {x: -0.3111512, y: -0.12392995, z: 0.18012312}
  m_LocalScale: {x: 0.9999999, y: 1, z: 0.9999999}
  m_Children:
  - {fileID: 3783309058547266012}
  m_Father: {fileID: 3791823569100789910}
  m_RootOrder: 1
  m_LocalEulerAnglesHint: {x: 1.3741591, y: -79.908875, z: 60.34633}
--- !u!1 &3786119799242387674
GameObject:
  m_ObjectHideFlags: 0
  m_CorrespondingSourceObject: {fileID: 0}
  m_PrefabInstance: {fileID: 0}
  m_PrefabAsset: {fileID: 0}
  serializedVersion: 6
  m_Component:
  - component: {fileID: 3783582536281898736}
  m_Layer: 9
  m_Name: weapon
  m_TagString: Untagged
  m_Icon: {fileID: 0}
  m_NavMeshLayer: 0
  m_StaticEditorFlags: 0
  m_IsActive: 1
--- !u!4 &3783582536281898736
Transform:
  m_ObjectHideFlags: 0
  m_CorrespondingSourceObject: {fileID: 0}
  m_PrefabInstance: {fileID: 0}
  m_PrefabAsset: {fileID: 0}
  m_GameObject: {fileID: 3786119799242387674}
  m_LocalRotation: {x: 0.4511524, y: 0.83351237, z: 0.062208038, w: -0.31280795}
  m_LocalPosition: {x: 0.6491944, y: 0.289037, z: 1.2172298}
  m_LocalScale: {x: 1.0000005, y: 1.0000002, z: 0.99999976}
  m_Children: []
  m_Father: {fileID: 3783365953442095096}
  m_RootOrder: 1
  m_LocalEulerAnglesHint: {x: 1.0389061, y: 148.69281, z: 102.93184}
--- !u!1 &3786123665432261188
GameObject:
  m_ObjectHideFlags: 0
  m_CorrespondingSourceObject: {fileID: 0}
  m_PrefabInstance: {fileID: 0}
  m_PrefabAsset: {fileID: 0}
  serializedVersion: 6
  m_Component:
  - component: {fileID: 3783110697325072688}
  m_Layer: 9
  m_Name: index_1_R
  m_TagString: Untagged
  m_Icon: {fileID: 0}
  m_NavMeshLayer: 0
  m_StaticEditorFlags: 0
  m_IsActive: 1
--- !u!4 &3783110697325072688
Transform:
  m_ObjectHideFlags: 0
  m_CorrespondingSourceObject: {fileID: 0}
  m_PrefabInstance: {fileID: 0}
  m_PrefabAsset: {fileID: 0}
  m_GameObject: {fileID: 3786123665432261188}
  m_LocalRotation: {x: -0.4622032, y: 0.261869, z: 0.32155663, w: 0.78383297}
  m_LocalPosition: {x: -0.23712504, y: -0.055276714, z: -0.06745824}
  m_LocalScale: {x: 1.0000002, y: 1.0000002, z: 1.0000002}
  m_Children:
  - {fileID: 3791634521223311138}
  m_Father: {fileID: 3791875290105941638}
  m_RootOrder: 1
  m_LocalEulerAnglesHint: {x: -63.251614, y: 14.576914, z: 35.603447}
--- !u!1 &3786134176819003118
GameObject:
  m_ObjectHideFlags: 0
  m_CorrespondingSourceObject: {fileID: 0}
  m_PrefabInstance: {fileID: 0}
  m_PrefabAsset: {fileID: 0}
  serializedVersion: 6
  m_Component:
  - component: {fileID: 3791821810509905576}
  m_Layer: 9
  m_Name: cloth_back_2
  m_TagString: Untagged
  m_Icon: {fileID: 0}
  m_NavMeshLayer: 0
  m_StaticEditorFlags: 0
  m_IsActive: 1
--- !u!4 &3791821810509905576
Transform:
  m_ObjectHideFlags: 0
  m_CorrespondingSourceObject: {fileID: 0}
  m_PrefabInstance: {fileID: 0}
  m_PrefabAsset: {fileID: 0}
  m_GameObject: {fileID: 3786134176819003118}
  m_LocalRotation: {x: -0.0013918547, y: 0.07111374, z: 0.009836674, w: 0.99741876}
  m_LocalPosition: {x: -0.1517174, y: 0.000000009767859, z: -0.00000003236346}
  m_LocalScale: {x: 1, y: 0.99999994, z: 1}
  m_Children: []
  m_Father: {fileID: 3783528052894727734}
  m_RootOrder: 0
  m_LocalEulerAnglesHint: {x: 0.84187305, y: -4.710002, z: 9.090649}
--- !u!1 &3786142107198111590
GameObject:
  m_ObjectHideFlags: 0
  m_CorrespondingSourceObject: {fileID: 0}
  m_PrefabInstance: {fileID: 0}
  m_PrefabAsset: {fileID: 0}
  serializedVersion: 6
  m_Component:
  - component: {fileID: 3783257092176906372}
  m_Layer: 9
  m_Name: foot_R
  m_TagString: Untagged
  m_Icon: {fileID: 0}
  m_NavMeshLayer: 0
  m_StaticEditorFlags: 0
  m_IsActive: 1
--- !u!4 &3783257092176906372
Transform:
  m_ObjectHideFlags: 0
  m_CorrespondingSourceObject: {fileID: 0}
  m_PrefabInstance: {fileID: 0}
  m_PrefabAsset: {fileID: 0}
  m_GameObject: {fileID: 3786142107198111590}
  m_LocalRotation: {x: -0.013481935, y: -0.65646005, z: 0.005623592, w: 0.75421935}
  m_LocalPosition: {x: -0.45414218, y: 0.000000039115548, z: 0.00000006984919}
  m_LocalScale: {x: 0.99999976, y: 0.9999998, z: 0.9999997}
  m_Children:
  - {fileID: 3783374507568815560}
  m_Father: {fileID: 3783174728744416212}
  m_RootOrder: 0
  m_LocalEulerAnglesHint: {x: 10.1988, y: -80.28581, z: -17.887056}
--- !u!1 &3786146126735992600
GameObject:
  m_ObjectHideFlags: 0
  m_CorrespondingSourceObject: {fileID: 0}
  m_PrefabInstance: {fileID: 0}
  m_PrefabAsset: {fileID: 0}
  serializedVersion: 6
  m_Component:
  - component: {fileID: 3783548612291940470}
  - component: {fileID: 3816998211452682176}
  - component: {fileID: 3809137658067460772}
  m_Layer: 9
  m_Name: Weapon
  m_TagString: Untagged
  m_Icon: {fileID: 0}
  m_NavMeshLayer: 0
  m_StaticEditorFlags: 0
  m_IsActive: 1
--- !u!4 &3783548612291940470
Transform:
  m_ObjectHideFlags: 0
  m_CorrespondingSourceObject: {fileID: 0}
  m_PrefabInstance: {fileID: 0}
  m_PrefabAsset: {fileID: 0}
  m_GameObject: {fileID: 3786146126735992600}
  m_LocalRotation: {x: -0.41292316, y: -0.5860824, z: 0.41688344, w: -0.5587577}
  m_LocalPosition: {x: -0.19204403, y: -0.24294397, z: -0.021523003}
  m_LocalScale: {x: 1, y: 1, z: 1}
  m_Children:
  - {fileID: 5397703939172475176}
  m_Father: {fileID: 3791875290105941638}
  m_RootOrder: 0
  m_LocalEulerAnglesHint: {x: 0, y: 0, z: 0}
--- !u!33 &3816998211452682176
MeshFilter:
  m_ObjectHideFlags: 0
  m_CorrespondingSourceObject: {fileID: 0}
  m_PrefabInstance: {fileID: 0}
  m_PrefabAsset: {fileID: 0}
  m_GameObject: {fileID: 3786146126735992600}
  m_Mesh: {fileID: 4300002, guid: 9d693f089b09f2e4b9dd4789d5ec3f55, type: 3}
--- !u!23 &3809137658067460772
MeshRenderer:
  m_ObjectHideFlags: 0
  m_CorrespondingSourceObject: {fileID: 0}
  m_PrefabInstance: {fileID: 0}
  m_PrefabAsset: {fileID: 0}
  m_GameObject: {fileID: 3786146126735992600}
  m_Enabled: 0
  m_CastShadows: 1
  m_ReceiveShadows: 1
  m_DynamicOccludee: 1
  m_MotionVectors: 1
  m_LightProbeUsage: 1
  m_ReflectionProbeUsage: 1
  m_RenderingLayerMask: 1
  m_RendererPriority: 0
  m_Materials:
  - {fileID: 2100000, guid: dfda17937980e9b428d74bdc2ea018a2, type: 2}
  m_StaticBatchInfo:
    firstSubMesh: 0
    subMeshCount: 0
  m_StaticBatchRoot: {fileID: 0}
  m_ProbeAnchor: {fileID: 0}
  m_LightProbeVolumeOverride: {fileID: 0}
  m_ScaleInLightmap: 1
  m_PreserveUVs: 0
  m_IgnoreNormalsForChartDetection: 0
  m_ImportantGI: 0
  m_StitchLightmapSeams: 0
  m_SelectedEditorRenderState: 3
  m_MinimumChartSize: 4
  m_AutoUVMaxDistance: 0.5
  m_AutoUVMaxAngle: 89
  m_LightmapParameters: {fileID: 0}
  m_SortingLayerID: 0
  m_SortingLayer: 0
  m_SortingOrder: 0
--- !u!1 &3786153502506505086
GameObject:
  m_ObjectHideFlags: 0
  m_CorrespondingSourceObject: {fileID: 0}
  m_PrefabInstance: {fileID: 0}
  m_PrefabAsset: {fileID: 0}
  serializedVersion: 6
  m_Component:
  - component: {fileID: 3791503974342683754}
  - component: {fileID: 3847980839980023386}
  m_Layer: 9
  m_Name: Weapon
  m_TagString: Untagged
  m_Icon: {fileID: 0}
  m_NavMeshLayer: 0
  m_StaticEditorFlags: 0
  m_IsActive: 0
--- !u!4 &3791503974342683754
Transform:
  m_ObjectHideFlags: 0
  m_CorrespondingSourceObject: {fileID: 0}
  m_PrefabInstance: {fileID: 0}
  m_PrefabAsset: {fileID: 0}
  m_GameObject: {fileID: 3786153502506505086}
  m_LocalRotation: {x: 0.000000007450581, y: -0.000000014901161, z: 0.000000018626451,
    w: 1}
  m_LocalPosition: {x: 0.00000005960464, y: 0.000000059604645, z: 0}
  m_LocalScale: {x: 1, y: 1, z: 1}
  m_Children: []
  m_Father: {fileID: 3783384599033293460}
  m_RootOrder: 2
  m_LocalEulerAnglesHint: {x: 0, y: 0, z: 0}
--- !u!137 &3847980839980023386
SkinnedMeshRenderer:
  m_ObjectHideFlags: 0
  m_CorrespondingSourceObject: {fileID: 0}
  m_PrefabInstance: {fileID: 0}
  m_PrefabAsset: {fileID: 0}
  m_GameObject: {fileID: 3786153502506505086}
  m_Enabled: 1
  m_CastShadows: 1
  m_ReceiveShadows: 1
  m_DynamicOccludee: 1
  m_MotionVectors: 1
  m_LightProbeUsage: 1
  m_ReflectionProbeUsage: 1
  m_RenderingLayerMask: 1
  m_RendererPriority: 0
  m_Materials:
  - {fileID: 2100000, guid: dfda17937980e9b428d74bdc2ea018a2, type: 2}
  m_StaticBatchInfo:
    firstSubMesh: 0
    subMeshCount: 0
  m_StaticBatchRoot: {fileID: 0}
  m_ProbeAnchor: {fileID: 0}
  m_LightProbeVolumeOverride: {fileID: 0}
  m_ScaleInLightmap: 1
  m_PreserveUVs: 0
  m_IgnoreNormalsForChartDetection: 0
  m_ImportantGI: 0
  m_StitchLightmapSeams: 0
  m_SelectedEditorRenderState: 3
  m_MinimumChartSize: 4
  m_AutoUVMaxDistance: 0.5
  m_AutoUVMaxAngle: 89
  m_LightmapParameters: {fileID: 0}
  m_SortingLayerID: 0
  m_SortingLayer: 0
  m_SortingOrder: 0
  serializedVersion: 2
  m_Quality: 0
  m_UpdateWhenOffscreen: 0
  m_SkinnedMotionVectors: 1
  m_Mesh: {fileID: 4300002, guid: 9d693f089b09f2e4b9dd4789d5ec3f55, type: 3}
  m_Bones:
  - {fileID: 3791708051339894450}
  - {fileID: 3791474735515281662}
  - {fileID: 3783528052894727734}
  - {fileID: 3791821810509905576}
  - {fileID: 3791864701050600526}
  - {fileID: 3783391224732861402}
  - {fileID: 3791823569100789910}
  - {fileID: 3791547159807808410}
  - {fileID: 3791483301928542948}
  - {fileID: 3783249187736662302}
  - {fileID: 3791822088269407766}
  - {fileID: 3791489484484292066}
  - {fileID: 3783532204999093210}
  - {fileID: 3783556673320817306}
  - {fileID: 3791537012537785536}
  - {fileID: 3783309058547266012}
  - {fileID: 3791664519688483012}
  - {fileID: 3783392747492529306}
  - {fileID: 3791819730382561718}
  - {fileID: 3791781387542554534}
  - {fileID: 3791605803597187214}
  - {fileID: 3783475941184032840}
  - {fileID: 3783548220216551994}
  - {fileID: 3783514709497255816}
  - {fileID: 3783097346622081952}
  - {fileID: 3791476246979133224}
  - {fileID: 3791923110029518170}
  - {fileID: 3791640064354882546}
  - {fileID: 3783052222423266590}
  - {fileID: 3783551701091032928}
  - {fileID: 3791620462739610328}
  - {fileID: 3791806788435913768}
  - {fileID: 3791875290105941638}
  - {fileID: 3791721807508112510}
  - {fileID: 3783238929004662608}
  - {fileID: 3783110697325072688}
  - {fileID: 3791634521223311138}
  - {fileID: 3791917989698843826}
  - {fileID: 3791488114888751986}
  - {fileID: 3791663472202651734}
  - {fileID: 3791925164522684574}
  - {fileID: 3791546313937678510}
  - {fileID: 3791505499051931372}
  - {fileID: 3783156920604985496}
  - {fileID: 3791658743881432574}
  - {fileID: 3791553143349154676}
  - {fileID: 3783256072788864884}
  - {fileID: 3783322724215718738}
  - {fileID: 3791586929339751442}
  - {fileID: 3783174728744416212}
  - {fileID: 3783257092176906372}
  - {fileID: 3783374507568815560}
  - {fileID: 3783582536281898736}
  m_BlendShapeWeights: []
  m_RootBone: {fileID: 3791864701050600526}
  m_AABB:
    m_Center: {x: -0.0536412, y: 0.7436983, z: 0.017753243}
    m_Extent: {x: 0.6334526, y: 0.57841915, z: 0.8526989}
  m_DirtyAABB: 0
--- !u!1 &3786161893114812272
GameObject:
  m_ObjectHideFlags: 0
  m_CorrespondingSourceObject: {fileID: 0}
  m_PrefabInstance: {fileID: 0}
  m_PrefabAsset: {fileID: 0}
  serializedVersion: 6
  m_Component:
  - component: {fileID: 3791474735515281662}
  m_Layer: 9
  m_Name: cloth_front_2
  m_TagString: Untagged
  m_Icon: {fileID: 0}
  m_NavMeshLayer: 0
  m_StaticEditorFlags: 0
  m_IsActive: 1
--- !u!4 &3791474735515281662
Transform:
  m_ObjectHideFlags: 0
  m_CorrespondingSourceObject: {fileID: 0}
  m_PrefabInstance: {fileID: 0}
  m_PrefabAsset: {fileID: 0}
  m_GameObject: {fileID: 3786161893114812272}
  m_LocalRotation: {x: -0.0007408359, y: -0.012747343, z: -0.024177076, w: 0.99962616}
  m_LocalPosition: {x: -0.1851822, y: 0.000000014901161, z: -0.000000015017577}
  m_LocalScale: {x: 0.9999999, y: 1, z: 1.0000001}
  m_Children: []
  m_Father: {fileID: 3791708051339894450}
  m_RootOrder: 0
  m_LocalEulerAnglesHint: {x: 1.1767093, y: 1.1409719, z: 10.834604}
--- !u!1 &3786180482807396276
GameObject:
  m_ObjectHideFlags: 0
  m_CorrespondingSourceObject: {fileID: 0}
  m_PrefabInstance: {fileID: 0}
  m_PrefabAsset: {fileID: 0}
  serializedVersion: 6
  m_Component:
  - component: {fileID: 3791547159807808410}
  m_Layer: 9
  m_Name: neck
  m_TagString: Untagged
  m_Icon: {fileID: 0}
  m_NavMeshLayer: 0
  m_StaticEditorFlags: 0
  m_IsActive: 1
--- !u!4 &3791547159807808410
Transform:
  m_ObjectHideFlags: 0
  m_CorrespondingSourceObject: {fileID: 0}
  m_PrefabInstance: {fileID: 0}
  m_PrefabAsset: {fileID: 0}
  m_GameObject: {fileID: 3786180482807396276}
  m_LocalRotation: {x: 0.0013884318, y: 0.21564987, z: -0.0057982933, w: 0.9764525}
  m_LocalPosition: {x: -0.39264312, y: 0.000000028929207, z: -0.000000015818841}
  m_LocalScale: {x: 1, y: 1, z: 0.99999994}
  m_Children:
  - {fileID: 3791483301928542948}
  m_Father: {fileID: 3791823569100789910}
  m_RootOrder: 0
  m_LocalEulerAnglesHint: {x: -35.185116, y: 22.839846, z: -21.97954}
--- !u!1 &3786199276486420458
GameObject:
  m_ObjectHideFlags: 0
  m_CorrespondingSourceObject: {fileID: 0}
  m_PrefabInstance: {fileID: 0}
  m_PrefabAsset: {fileID: 0}
  serializedVersion: 6
  m_Component:
  - component: {fileID: 3791708051339894450}
  m_Layer: 9
  m_Name: cloth_front_1
  m_TagString: Untagged
  m_Icon: {fileID: 0}
  m_NavMeshLayer: 0
  m_StaticEditorFlags: 0
  m_IsActive: 1
--- !u!4 &3791708051339894450
Transform:
  m_ObjectHideFlags: 0
  m_CorrespondingSourceObject: {fileID: 0}
  m_PrefabInstance: {fileID: 0}
  m_PrefabAsset: {fileID: 0}
  m_GameObject: {fileID: 3786199276486420458}
  m_LocalRotation: {x: 0.00065379805, y: -0.08602367, z: 0.0121339355, w: 0.996219}
  m_LocalPosition: {x: -0.18670571, y: 0.00000009943986, z: -0.30774087}
  m_LocalScale: {x: 1.0000001, y: 1, z: 1.0000001}
  m_Children:
  - {fileID: 3791474735515281662}
  m_Father: {fileID: 3783182582809929048}
  m_RootOrder: 1
  m_LocalEulerAnglesHint: {x: 0.0000057282004, y: 3.2807844, z: 0.0000009183974}
--- !u!1 &3786243873141373528
GameObject:
  m_ObjectHideFlags: 0
  m_CorrespondingSourceObject: {fileID: 0}
  m_PrefabInstance: {fileID: 0}
  m_PrefabAsset: {fileID: 0}
  serializedVersion: 6
  m_Component:
  - component: {fileID: 3783556673320817306}
  m_Layer: 9
  m_Name: cheek_R
  m_TagString: Untagged
  m_Icon: {fileID: 0}
  m_NavMeshLayer: 0
  m_StaticEditorFlags: 0
  m_IsActive: 1
--- !u!4 &3783556673320817306
Transform:
  m_ObjectHideFlags: 0
  m_CorrespondingSourceObject: {fileID: 0}
  m_PrefabInstance: {fileID: 0}
  m_PrefabAsset: {fileID: 0}
  m_GameObject: {fileID: 3786243873141373528}
  m_LocalRotation: {x: 0.00000005289779, y: 0.97163707, z: 0.00000008393511, w: 0.236477}
  m_LocalPosition: {x: -0.1592516, y: 0.06743344, z: 0.16029796}
  m_LocalScale: {x: 1, y: 1, z: 1}
  m_Children: []
  m_Father: {fileID: 3791483301928542948}
  m_RootOrder: 1
  m_LocalEulerAnglesHint: {x: -0.00000816371, y: 152.6426, z: 0.000008084168}
--- !u!1 &3786245196313466958
GameObject:
  m_ObjectHideFlags: 0
  m_CorrespondingSourceObject: {fileID: 0}
  m_PrefabInstance: {fileID: 0}
  m_PrefabAsset: {fileID: 0}
  serializedVersion: 6
  m_Component:
  - component: {fileID: 3783548220216551994}
  m_Layer: 9
  m_Name: index_3_L
  m_TagString: Untagged
  m_Icon: {fileID: 0}
  m_NavMeshLayer: 0
  m_StaticEditorFlags: 0
  m_IsActive: 1
--- !u!4 &3783548220216551994
Transform:
  m_ObjectHideFlags: 0
  m_CorrespondingSourceObject: {fileID: 0}
  m_PrefabInstance: {fileID: 0}
  m_PrefabAsset: {fileID: 0}
  m_GameObject: {fileID: 3786245196313466958}
  m_LocalRotation: {x: 0.51402324, y: 0.68012, z: 0.2430779, w: -0.46274197}
  m_LocalPosition: {x: -0.073459215, y: 0.000000035390258, z: -0.000000005587935}
  m_LocalScale: {x: 0.9999998, y: 0.9999999, z: 0.9999998}
  m_Children: []
  m_Father: {fileID: 3783475941184032840}
  m_RootOrder: 0
  m_LocalEulerAnglesHint: {x: -53.742226, y: -140.07732, z: 53.307255}
--- !u!1 &3786277982768036988
GameObject:
  m_ObjectHideFlags: 0
  m_CorrespondingSourceObject: {fileID: 0}
  m_PrefabInstance: {fileID: 0}
  m_PrefabAsset: {fileID: 0}
  serializedVersion: 6
  m_Component:
  - component: {fileID: 3791864701050600526}
  m_Layer: 9
  m_Name: hip
  m_TagString: Untagged
  m_Icon: {fileID: 0}
  m_NavMeshLayer: 0
  m_StaticEditorFlags: 0
  m_IsActive: 1
--- !u!4 &3791864701050600526
Transform:
  m_ObjectHideFlags: 0
  m_CorrespondingSourceObject: {fileID: 0}
  m_PrefabInstance: {fileID: 0}
  m_PrefabAsset: {fileID: 0}
  m_GameObject: {fileID: 3786277982768036988}
  m_LocalRotation: {x: 0.00000007463379, y: 1, z: 0.0000003140378, w: 2.3499066e-14}
  m_LocalPosition: {x: -0.39027718, y: 0.000000030303056, z: 0.000000006431947}
  m_LocalScale: {x: 1, y: 1, z: 1}
  m_Children:
  - {fileID: 3791586929339751442}
  - {fileID: 3783391224732861402}
  - {fileID: 3791658743881432574}
  m_Father: {fileID: 3783182582809929048}
  m_RootOrder: 2
  m_LocalEulerAnglesHint: {x: -0.000035877878, y: 179.99998, z: 0.000008653152}
--- !u!1 &3786280797222799706
GameObject:
  m_ObjectHideFlags: 0
  m_CorrespondingSourceObject: {fileID: 0}
  m_PrefabInstance: {fileID: 0}
  m_PrefabAsset: {fileID: 0}
  serializedVersion: 6
  m_Component:
  - component: {fileID: 3791923110029518170}
  m_Layer: 9
  m_Name: ring_1_L
  m_TagString: Untagged
  m_Icon: {fileID: 0}
  m_NavMeshLayer: 0
  m_StaticEditorFlags: 0
  m_IsActive: 1
--- !u!4 &3791923110029518170
Transform:
  m_ObjectHideFlags: 0
  m_CorrespondingSourceObject: {fileID: 0}
  m_PrefabInstance: {fileID: 0}
  m_PrefabAsset: {fileID: 0}
  m_GameObject: {fileID: 3786280797222799706}
  m_LocalRotation: {x: 0.66470397, y: 0.33333558, z: -0.5781067, w: -0.33592963}
  m_LocalPosition: {x: -0.19835444, y: -0.016082823, z: -0.115371674}
  m_LocalScale: {x: 1, y: 1, z: 0.99999994}
  m_Children:
  - {fileID: 3791640064354882546}
  m_Father: {fileID: 3783392747492529306}
  m_RootOrder: 2
  m_LocalEulerAnglesHint: {x: -3.5075715, y: -96.08977, z: 123.58087}
--- !u!1 &3786293189424003100
GameObject:
  m_ObjectHideFlags: 0
  m_CorrespondingSourceObject: {fileID: 0}
  m_PrefabInstance: {fileID: 0}
  m_PrefabAsset: {fileID: 0}
  serializedVersion: 6
  m_Component:
  - component: {fileID: 3791875290105941638}
  m_Layer: 9
  m_Name: hand_R
  m_TagString: Untagged
  m_Icon: {fileID: 0}
  m_NavMeshLayer: 0
  m_StaticEditorFlags: 0
  m_IsActive: 1
--- !u!4 &3791875290105941638
Transform:
  m_ObjectHideFlags: 0
  m_CorrespondingSourceObject: {fileID: 0}
  m_PrefabInstance: {fileID: 0}
  m_PrefabAsset: {fileID: 0}
  m_GameObject: {fileID: 3786293189424003100}
  m_LocalRotation: {x: 0.7661639, y: 0.1479837, z: 0.011311098, w: 0.6252726}
  m_LocalPosition: {x: -0.43645024, y: -0.000000059604645, z: 0}
  m_LocalScale: {x: 0.9999994, y: 1.0000004, z: 1.0000006}
  m_Children:
  - {fileID: 3783548612291940470}
  - {fileID: 3783110697325072688}
  - {fileID: 3791488114888751986}
  - {fileID: 3791546313937678510}
  - {fileID: 3791721807508112510}
  m_Father: {fileID: 3791806788435913768}
  m_RootOrder: 0
  m_LocalEulerAnglesHint: {x: 84.48011, y: 43.673996, z: 51.476063}
--- !u!1 &3786317943261181348
GameObject:
  m_ObjectHideFlags: 0
  m_CorrespondingSourceObject: {fileID: 0}
  m_PrefabInstance: {fileID: 0}
  m_PrefabAsset: {fileID: 0}
  serializedVersion: 6
  m_Component:
  - component: {fileID: 3791483301928542948}
  m_Layer: 9
  m_Name: head
  m_TagString: Untagged
  m_Icon: {fileID: 0}
  m_NavMeshLayer: 0
  m_StaticEditorFlags: 0
  m_IsActive: 1
--- !u!4 &3791483301928542948
Transform:
  m_ObjectHideFlags: 0
  m_CorrespondingSourceObject: {fileID: 0}
  m_PrefabInstance: {fileID: 0}
  m_PrefabAsset: {fileID: 0}
  m_GameObject: {fileID: 3786317943261181348}
  m_LocalRotation: {x: -0.027045669, y: -0.02452432, z: -0.024843203, w: 0.9990245}
  m_LocalPosition: {x: -0.1834204, y: 0.00000001557055, z: 0.00000009727137}
  m_LocalScale: {x: 1.0000001, y: 0.99999994, z: 0.9999999}
  m_Children:
  - {fileID: 3791489484484292066}
  - {fileID: 3783556673320817306}
  - {fileID: 3791822088269407766}
  - {fileID: 3783249187736662302}
  - {fileID: 3783532204999093210}
  m_Father: {fileID: 3791547159807808410}
  m_RootOrder: 0
  m_LocalEulerAnglesHint: {x: 6.314892, y: 10.914234, z: 6.062687}
--- !u!1 &3786330191964725262
GameObject:
  m_ObjectHideFlags: 0
  m_CorrespondingSourceObject: {fileID: 0}
  m_PrefabInstance: {fileID: 0}
  m_PrefabAsset: {fileID: 0}
  serializedVersion: 6
  m_Component:
  - component: {fileID: 3791663472202651734}
  m_Layer: 9
  m_Name: middle_2_R
  m_TagString: Untagged
  m_Icon: {fileID: 0}
  m_NavMeshLayer: 0
  m_StaticEditorFlags: 0
  m_IsActive: 1
--- !u!4 &3791663472202651734
Transform:
  m_ObjectHideFlags: 0
  m_CorrespondingSourceObject: {fileID: 0}
  m_PrefabInstance: {fileID: 0}
  m_PrefabAsset: {fileID: 0}
  m_GameObject: {fileID: 3786330191964725262}
  m_LocalRotation: {x: 0.8244339, y: 0.34565827, z: 0.44406545, w: 0.060290266}
  m_LocalPosition: {x: -0.12016967, y: 0.000000026077032, z: -0.0000000144355}
  m_LocalScale: {x: 0.9999999, y: 0.9999999, z: 1}
  m_Children:
  - {fileID: 3791925164522684574}
  m_Father: {fileID: 3791488114888751986}
  m_RootOrder: 0
  m_LocalEulerAnglesHint: {x: -11.980528, y: 127.71, z: 140.40373}
--- !u!1 &3786377446028599168
GameObject:
  m_ObjectHideFlags: 0
  m_CorrespondingSourceObject: {fileID: 0}
  m_PrefabInstance: {fileID: 0}
  m_PrefabAsset: {fileID: 0}
  serializedVersion: 6
  m_Component:
  - component: {fileID: 3791664815964277076}
  m_Layer: 9
  m_Name: bp
  m_TagString: Untagged
  m_Icon: {fileID: 0}
  m_NavMeshLayer: 0
  m_StaticEditorFlags: 0
  m_IsActive: 1
--- !u!4 &3791664815964277076
Transform:
  m_ObjectHideFlags: 0
  m_CorrespondingSourceObject: {fileID: 0}
  m_PrefabInstance: {fileID: 0}
  m_PrefabAsset: {fileID: 0}
  m_GameObject: {fileID: 3786377446028599168}
  m_LocalRotation: {x: 0, y: 0, z: 0, w: 1}
  m_LocalPosition: {x: 0, y: 1.63, z: 0}
  m_LocalScale: {x: 1, y: 1, z: 1}
  m_Children: []
  m_Father: {fileID: 3783384599033293460}
  m_RootOrder: 3
  m_LocalEulerAnglesHint: {x: 0, y: 0, z: 0}
--- !u!1 &3786389355697039860
GameObject:
  m_ObjectHideFlags: 0
  m_CorrespondingSourceObject: {fileID: 0}
  m_PrefabInstance: {fileID: 0}
  m_PrefabAsset: {fileID: 0}
  serializedVersion: 6
  m_Component:
  - component: {fileID: 3791925164522684574}
  m_Layer: 9
  m_Name: middle_3_R
  m_TagString: Untagged
  m_Icon: {fileID: 0}
  m_NavMeshLayer: 0
  m_StaticEditorFlags: 0
  m_IsActive: 1
--- !u!4 &3791925164522684574
Transform:
  m_ObjectHideFlags: 0
  m_CorrespondingSourceObject: {fileID: 0}
  m_PrefabInstance: {fileID: 0}
  m_PrefabAsset: {fileID: 0}
  m_GameObject: {fileID: 3786389355697039860}
  m_LocalRotation: {x: -0.64534503, y: 0.50024456, z: 0.12308465, w: 0.5640349}
  m_LocalPosition: {x: -0.08777276, y: 0.00000011175871, z: -0.000000029802322}
  m_LocalScale: {x: 1.0000001, y: 1.0000002, z: 1.0000002}
  m_Children: []
  m_Father: {fileID: 3791663472202651734}
  m_RootOrder: 0
  m_LocalEulerAnglesHint: {x: -58.335762, y: 129.43303, z: -74.89879}
--- !u!1 &3786395451439645186
GameObject:
  m_ObjectHideFlags: 0
  m_CorrespondingSourceObject: {fileID: 0}
  m_PrefabInstance: {fileID: 0}
  m_PrefabAsset: {fileID: 0}
  serializedVersion: 6
  m_Component:
  - component: {fileID: 3791489484484292066}
  m_Layer: 9
  m_Name: cheek_L
  m_TagString: Untagged
  m_Icon: {fileID: 0}
  m_NavMeshLayer: 0
  m_StaticEditorFlags: 0
  m_IsActive: 1
--- !u!4 &3791489484484292066
Transform:
  m_ObjectHideFlags: 0
  m_CorrespondingSourceObject: {fileID: 0}
  m_PrefabInstance: {fileID: 0}
  m_PrefabAsset: {fileID: 0}
  m_GameObject: {fileID: 3786395451439645186}
  m_LocalRotation: {x: 0.00000005365516, y: 0.971637, z: 0.000000082792276, w: 0.23647727}
  m_LocalPosition: {x: -0.15925153, y: -0.06747722, z: 0.16029796}
  m_LocalScale: {x: 1, y: 0.9999998, z: 1}
  m_Children: []
  m_Father: {fileID: 3791483301928542948}
  m_RootOrder: 0
  m_LocalEulerAnglesHint: {x: -0.0000079859, y: 152.64255, z: 0.000008137529}
--- !u!1 &3786827203840597954
GameObject:
  m_ObjectHideFlags: 0
  m_CorrespondingSourceObject: {fileID: 0}
  m_PrefabInstance: {fileID: 0}
  m_PrefabAsset: {fileID: 0}
  serializedVersion: 6
  m_Component:
  - component: {fileID: 3783174728744416212}
  m_Layer: 9
  m_Name: shin_R
  m_TagString: Untagged
  m_Icon: {fileID: 0}
  m_NavMeshLayer: 0
  m_StaticEditorFlags: 0
  m_IsActive: 1
--- !u!4 &3783174728744416212
Transform:
  m_ObjectHideFlags: 0
  m_CorrespondingSourceObject: {fileID: 0}
  m_PrefabInstance: {fileID: 0}
  m_PrefabAsset: {fileID: 0}
  m_GameObject: {fileID: 3786827203840597954}
  m_LocalRotation: {x: -0.06440692, y: 0.47770178, z: 0.026157994, w: 0.8757674}
  m_LocalPosition: {x: -0.545636, y: 0.000000078231096, z: -0.000000029802322}
  m_LocalScale: {x: 1, y: 0.99999994, z: 1}
  m_Children:
  - {fileID: 3783257092176906372}
  m_Father: {fileID: 3791586929339751442}
  m_RootOrder: 0
  m_LocalEulerAnglesHint: {x: -8.6376705, y: 14.1343775, z: -1.7027608}
--- !u!1 &3786843880463287446
GameObject:
  m_ObjectHideFlags: 0
  m_CorrespondingSourceObject: {fileID: 0}
  m_PrefabInstance: {fileID: 0}
  m_PrefabAsset: {fileID: 0}
  serializedVersion: 6
  m_Component:
  - component: {fileID: 3791819730382561718}
  m_Layer: 9
  m_Name: thumb_1_L
  m_TagString: Untagged
  m_Icon: {fileID: 0}
  m_NavMeshLayer: 0
  m_StaticEditorFlags: 0
  m_IsActive: 1
--- !u!4 &3791819730382561718
Transform:
  m_ObjectHideFlags: 0
  m_CorrespondingSourceObject: {fileID: 0}
  m_PrefabInstance: {fileID: 0}
  m_PrefabAsset: {fileID: 0}
  m_GameObject: {fileID: 3786843880463287446}
  m_LocalRotation: {x: 0.87300867, y: 0.440702, z: 0.030957172, w: 0.20658974}
  m_LocalPosition: {x: -0.10822319, y: 0.015094804, z: 0.1591939}
  m_LocalScale: {x: 1.0000004, y: 1.0000002, z: 1.0000004}
  m_Children:
  - {fileID: 3791781387542554534}
  m_Father: {fileID: 3783392747492529306}
  m_RootOrder: 3
  m_LocalEulerAnglesHint: {x: 19.476707, y: 165.49445, z: 123.92749}
--- !u!1 &3786847690188692424
GameObject:
  m_ObjectHideFlags: 0
  m_CorrespondingSourceObject: {fileID: 0}
  m_PrefabInstance: {fileID: 0}
  m_PrefabAsset: {fileID: 0}
  serializedVersion: 6
  m_Component:
  - component: {fileID: 3783384599033293460}
  - component: {fileID: 3880548707291709160}
  - component: {fileID: 3826827418469544946}
  - component: {fileID: 3849314455814482430}
  - component: {fileID: 3826822934465653932}
  - component: {fileID: 3826071945928223996}
  - component: {fileID: 3826157551448197152}
  - component: {fileID: 3825374019494333232}
  - component: {fileID: 3825921728874471218}
  - component: {fileID: 132284280}
  - component: {fileID: 8808751877399717806}
  - component: {fileID: 2055190492647783146}
  m_Layer: 9
  m_Name: cyclop ar
  m_TagString: Mob
  m_Icon: {fileID: 0}
  m_NavMeshLayer: 0
  m_StaticEditorFlags: 0
  m_IsActive: 1
--- !u!4 &3783384599033293460
Transform:
  m_ObjectHideFlags: 0
  m_CorrespondingSourceObject: {fileID: 0}
  m_PrefabInstance: {fileID: 0}
  m_PrefabAsset: {fileID: 0}
  m_GameObject: {fileID: 3786847690188692424}
  m_LocalRotation: {x: 0, y: -0.7657078, z: 0, w: 0.6431887}
  m_LocalPosition: {x: 0, y: 0, z: 0}
  m_LocalScale: {x: 0.5000012, y: 0.5, z: 0.5000012}
  m_Children:
  - {fileID: 3783365953442095096}
  - {fileID: 3783563361668269128}
  - {fileID: 3791503974342683754}
  - {fileID: 3791664815964277076}
  - {fileID: 760025131144310375}
  - {fileID: 1615279824}
  m_Father: {fileID: 0}
  m_RootOrder: 0
  m_LocalEulerAnglesHint: {x: 0, y: -99.94, z: 0}
--- !u!95 &3880548707291709160
Animator:
  serializedVersion: 3
  m_ObjectHideFlags: 0
  m_CorrespondingSourceObject: {fileID: 0}
  m_PrefabInstance: {fileID: 0}
  m_PrefabAsset: {fileID: 0}
  m_GameObject: {fileID: 3786847690188692424}
  m_Enabled: 1
  m_Avatar: {fileID: 9000000, guid: 9d693f089b09f2e4b9dd4789d5ec3f55, type: 3}
  m_Controller: {fileID: 9100000, guid: 58b26dac5e74a4dbaaff249671c00997, type: 2}
  m_CullingMode: 1
  m_UpdateMode: 0
  m_ApplyRootMotion: 0
  m_LinearVelocityBlending: 0
  m_WarningMessage: 
  m_HasTransformHierarchy: 1
  m_AllowConstantClipSamplingOptimization: 1
  m_KeepAnimatorControllerStateOnDisable: 0
--- !u!114 &3826827418469544946
MonoBehaviour:
  m_ObjectHideFlags: 0
  m_CorrespondingSourceObject: {fileID: 0}
  m_PrefabInstance: {fileID: 0}
  m_PrefabAsset: {fileID: 0}
  m_GameObject: {fileID: 3786847690188692424}
  m_Enabled: 1
  m_EditorHideFlags: 0
  m_Script: {fileID: 11500000, guid: da1a06059505b418289991b46102c74f, type: 3}
  m_Name: 
  m_EditorClassIdentifier: 
  attackSpell: {fileID: 0}
  rangeAttackRadius: 0
  attackPower: 10
  spellCastPosition: {fileID: 0}
  attackDelay: 0
--- !u!136 &3849314455814482430
CapsuleCollider:
  m_ObjectHideFlags: 0
  m_CorrespondingSourceObject: {fileID: 0}
  m_PrefabInstance: {fileID: 0}
  m_PrefabAsset: {fileID: 0}
  m_GameObject: {fileID: 3786847690188692424}
  m_Material: {fileID: 0}
  m_IsTrigger: 0
  m_Enabled: 1
  m_Radius: 0.7
  m_Height: 5
  m_Direction: 1
  m_Center: {x: 0, y: 1.5, z: 0}
--- !u!114 &3826822934465653932
MonoBehaviour:
  m_ObjectHideFlags: 0
  m_CorrespondingSourceObject: {fileID: 0}
  m_PrefabInstance: {fileID: 0}
  m_PrefabAsset: {fileID: 0}
  m_GameObject: {fileID: 3786847690188692424}
  m_Enabled: 1
  m_EditorHideFlags: 0
  m_Script: {fileID: 11500000, guid: febc82a5aab0048d79c1582c57971567, type: 3}
  m_Name: 
  m_EditorClassIdentifier: 
  collider: {fileID: 3849314455814482430}
  lifeRestoreEnabled: 0
  restoreHealthPercent: 0.03
  IsImmortal: 0
  maxHealth: 20
--- !u!114 &3826071945928223996
MonoBehaviour:
  m_ObjectHideFlags: 0
  m_CorrespondingSourceObject: {fileID: 0}
  m_PrefabInstance: {fileID: 0}
  m_PrefabAsset: {fileID: 0}
  m_GameObject: {fileID: 3786847690188692424}
  m_Enabled: 1
  m_EditorHideFlags: 0
  m_Script: {fileID: 11500000, guid: 926e24ba20681425580ce5fef1ef713a, type: 3}
  m_Name: 
  m_EditorClassIdentifier: 
--- !u!114 &3826157551448197152
MonoBehaviour:
  m_ObjectHideFlags: 0
  m_CorrespondingSourceObject: {fileID: 0}
  m_PrefabInstance: {fileID: 0}
  m_PrefabAsset: {fileID: 0}
  m_GameObject: {fileID: 3786847690188692424}
  m_Enabled: 1
  m_EditorHideFlags: 0
  m_Script: {fileID: 11500000, guid: e302d70b76fb547d6b25279448144250, type: 3}
  m_Name: 
  m_EditorClassIdentifier: 
  SpellAttackAnchor: {fileID: 760025131144310375}
  team: 0
--- !u!114 &3825374019494333232
MonoBehaviour:
  m_ObjectHideFlags: 0
  m_CorrespondingSourceObject: {fileID: 0}
  m_PrefabInstance: {fileID: 0}
  m_PrefabAsset: {fileID: 0}
  m_GameObject: {fileID: 3786847690188692424}
  m_Enabled: 1
  m_EditorHideFlags: 0
  m_Script: {fileID: 11500000, guid: e824168b1a5344ac58e139c829ec35db, type: 3}
  m_Name: 
  m_EditorClassIdentifier: 
  bloodPoint: {fileID: 3791664815964277076}
  bloodParticles: {fileID: 1393327779284088, guid: 63b7126b4d1134db78472706d9f69788,
    type: 3}
--- !u!114 &3825921728874471218
MonoBehaviour:
  m_ObjectHideFlags: 0
  m_CorrespondingSourceObject: {fileID: 0}
  m_PrefabInstance: {fileID: 0}
  m_PrefabAsset: {fileID: 0}
  m_GameObject: {fileID: 3786847690188692424}
  m_Enabled: 1
  m_EditorHideFlags: 0
  m_Script: {fileID: 11500000, guid: cac5c6ce61fd64f06b74207fc5336a97, type: 3}
  m_Name: 
  m_EditorClassIdentifier: 
  onDamagedSounds:
  - {fileID: 8300000, guid: 1e6c38139a9f14e2d85d5c042e2efb4f, type: 3}
  - {fileID: 8300000, guid: 503fc3817e4ca4df08d49b843f480ddd, type: 3}
  - {fileID: 8300000, guid: 6286f4472bb994ec59a32b2e2a1be2c5, type: 3}
  - {fileID: 8300000, guid: af87a5b16bb204d53ab5d259d23fcb88, type: 3}
--- !u!114 &132284280
MonoBehaviour:
  m_ObjectHideFlags: 0
  m_CorrespondingSourceObject: {fileID: 0}
  m_PrefabInstance: {fileID: 0}
  m_PrefabAsset: {fileID: 0}
  m_GameObject: {fileID: 3786847690188692424}
  m_Enabled: 1
  m_EditorHideFlags: 0
  m_Script: {fileID: 11500000, guid: 0a69a4aa78e3e46dbb35319b7af31fda, type: 3}
  m_Name: 
  m_EditorClassIdentifier: 
  destination: {x: 0, y: 0, z: 0}
  isStopped: 0
  stoppingDistance: 1
  velocity: 0
  speed: 2
--- !u!54 &8808751877399717806
Rigidbody:
  m_ObjectHideFlags: 0
  m_CorrespondingSourceObject: {fileID: 0}
  m_PrefabInstance: {fileID: 0}
  m_PrefabAsset: {fileID: 0}
  m_GameObject: {fileID: 3786847690188692424}
  serializedVersion: 2
  m_Mass: 1
  m_Drag: 1
  m_AngularDrag: 10
  m_UseGravity: 0
  m_IsKinematic: 0
  m_Interpolate: 0
  m_Constraints: 112
  m_CollisionDetection: 0
--- !u!114 &2055190492647783146
MonoBehaviour:
  m_ObjectHideFlags: 0
  m_CorrespondingSourceObject: {fileID: 0}
  m_PrefabInstance: {fileID: 0}
  m_PrefabAsset: {fileID: 0}
  m_GameObject: {fileID: 3786847690188692424}
  m_Enabled: 1
  m_EditorHideFlags: 0
  m_Script: {fileID: 11500000, guid: c809ca21880314620ac236267f73ee04, type: 3}
  m_Name: 
  m_EditorClassIdentifier: 
  deactivateGoDelay: 1
  deathParticles: {fileID: 2357566467661324247, guid: a185d13affdbe43bb818f31e3e069d76,
    type: 3}
--- !u!1 &3786849220244341788
GameObject:
  m_ObjectHideFlags: 0
  m_CorrespondingSourceObject: {fileID: 0}
  m_PrefabInstance: {fileID: 0}
  m_PrefabAsset: {fileID: 0}
  serializedVersion: 6
  m_Component:
  - component: {fileID: 3791553143349154676}
  m_Layer: 9
  m_Name: shin_L
  m_TagString: Untagged
  m_Icon: {fileID: 0}
  m_NavMeshLayer: 0
  m_StaticEditorFlags: 0
  m_IsActive: 1
--- !u!4 &3791553143349154676
Transform:
  m_ObjectHideFlags: 0
  m_CorrespondingSourceObject: {fileID: 0}
  m_PrefabInstance: {fileID: 0}
  m_PrefabAsset: {fileID: 0}
  m_GameObject: {fileID: 3786849220244341788}
  m_LocalRotation: {x: -0.021659633, y: 0.23202012, z: -0.02431348, w: 0.9721658}
  m_LocalPosition: {x: -0.5456361, y: 0.000000009313226, z: -0.000000037252903}
  m_LocalScale: {x: 1.0000001, y: 0.99999994, z: 1}
  m_Children:
  - {fileID: 3783256072788864884}
  m_Father: {fileID: 3791658743881432574}
  m_RootOrder: 0
  m_LocalEulerAnglesHint: {x: -2.451237, y: 9.105283, z: -1.2952735}
--- !u!1 &3786857562568324156
GameObject:
  m_ObjectHideFlags: 0
  m_CorrespondingSourceObject: {fileID: 0}
  m_PrefabInstance: {fileID: 0}
  m_PrefabAsset: {fileID: 0}
  serializedVersion: 6
  m_Component:
  - component: {fileID: 3791781387542554534}
  m_Layer: 9
  m_Name: thumb_2_L
  m_TagString: Untagged
  m_Icon: {fileID: 0}
  m_NavMeshLayer: 0
  m_StaticEditorFlags: 0
  m_IsActive: 1
--- !u!4 &3791781387542554534
Transform:
  m_ObjectHideFlags: 0
  m_CorrespondingSourceObject: {fileID: 0}
  m_PrefabInstance: {fileID: 0}
  m_PrefabAsset: {fileID: 0}
  m_GameObject: {fileID: 3786857562568324156}
  m_LocalRotation: {x: -0.2758653, y: 0.59965825, z: 0.04631717, w: 0.74977535}
  m_LocalPosition: {x: -0.10785201, y: -0.000000011408702, z: 0.000000001862645}
  m_LocalScale: {x: 1.0000001, y: 1, z: 1.0000001}
  m_Children: []
  m_Father: {fileID: 3791819730382561718}
  m_RootOrder: 0
  m_LocalEulerAnglesHint: {x: -27.983856, y: 81.625336, z: -17.217735}
--- !u!1 &3786877302215003508
GameObject:
  m_ObjectHideFlags: 0
  m_CorrespondingSourceObject: {fileID: 0}
  m_PrefabInstance: {fileID: 0}
  m_PrefabAsset: {fileID: 0}
  serializedVersion: 6
  m_Component:
  - component: {fileID: 3783097346622081952}
  m_Layer: 9
  m_Name: middle_2_L
  m_TagString: Untagged
  m_Icon: {fileID: 0}
  m_NavMeshLayer: 0
  m_StaticEditorFlags: 0
  m_IsActive: 1
--- !u!4 &3783097346622081952
Transform:
  m_ObjectHideFlags: 0
  m_CorrespondingSourceObject: {fileID: 0}
  m_PrefabInstance: {fileID: 0}
  m_PrefabAsset: {fileID: 0}
  m_GameObject: {fileID: 3786877302215003508}
  m_LocalRotation: {x: 0.04170478, y: -0.61658186, z: 0.14193916, w: 0.7732663}
  m_LocalPosition: {x: -0.12016968, y: -0.00000016763806, z: -0.000000078231096}
  m_LocalScale: {x: 1.0000002, y: 1, z: 0.9999998}
  m_Children:
  - {fileID: 3791476246979133224}
  m_Father: {fileID: 3783514709497255816}
  m_RootOrder: 0
  m_LocalEulerAnglesHint: {x: 13.858894, y: -75.92117, z: 9.969539}
--- !u!1 &3786898463077282304
GameObject:
  m_ObjectHideFlags: 0
  m_CorrespondingSourceObject: {fileID: 0}
  m_PrefabInstance: {fileID: 0}
  m_PrefabAsset: {fileID: 0}
  serializedVersion: 6
  m_Component:
  - component: {fileID: 3791664519688483012}
  m_Layer: 9
  m_Name: forearm_L
  m_TagString: Untagged
  m_Icon: {fileID: 0}
  m_NavMeshLayer: 0
  m_StaticEditorFlags: 0
  m_IsActive: 1
--- !u!4 &3791664519688483012
Transform:
  m_ObjectHideFlags: 0
  m_CorrespondingSourceObject: {fileID: 0}
  m_PrefabInstance: {fileID: 0}
  m_PrefabAsset: {fileID: 0}
  m_GameObject: {fileID: 3786898463077282304}
  m_LocalRotation: {x: 0.04945654, y: 0.014225645, z: 0.35881463, w: 0.93198913}
  m_LocalPosition: {x: -0.4090777, y: 0.00000009685755, z: -0.00000011920929}
  m_LocalScale: {x: 0.99999994, y: 1.0000001, z: 0.9999999}
  m_Children:
  - {fileID: 3783392747492529306}
  m_Father: {fileID: 3783309058547266012}
  m_RootOrder: 0
  m_LocalEulerAnglesHint: {x: -6.287354, y: 13.6473055, z: 64.50894}
--- !u!1 &3786908264512218978
GameObject:
  m_ObjectHideFlags: 0
  m_CorrespondingSourceObject: {fileID: 0}
  m_PrefabInstance: {fileID: 0}
  m_PrefabAsset: {fileID: 0}
  serializedVersion: 6
  m_Component:
  - component: {fileID: 3791634521223311138}
  m_Layer: 9
  m_Name: index_2_R
  m_TagString: Untagged
  m_Icon: {fileID: 0}
  m_NavMeshLayer: 0
  m_StaticEditorFlags: 0
  m_IsActive: 1
--- !u!4 &3791634521223311138
Transform:
  m_ObjectHideFlags: 0
  m_CorrespondingSourceObject: {fileID: 0}
  m_PrefabInstance: {fileID: 0}
  m_PrefabAsset: {fileID: 0}
  m_GameObject: {fileID: 3786908264512218978}
  m_LocalRotation: {x: 0.09780424, y: -0.1012135, z: 0.5691273, w: 0.8101137}
  m_LocalPosition: {x: -0.13908808, y: -0.000000007450581, z: -0.000000029802322}
  m_LocalScale: {x: 1.0000001, y: 1.0000001, z: 1}
  m_Children:
  - {fileID: 3791917989698843826}
  m_Father: {fileID: 3783110697325072688}
  m_RootOrder: 0
  m_LocalEulerAnglesHint: {x: 15.882887, y: -3.1386876, z: 69.74025}
--- !u!1 &3786928684862615676
GameObject:
  m_ObjectHideFlags: 0
  m_CorrespondingSourceObject: {fileID: 0}
  m_PrefabInstance: {fileID: 0}
  m_PrefabAsset: {fileID: 0}
  serializedVersion: 6
  m_Component:
  - component: {fileID: 3783256072788864884}
  m_Layer: 9
  m_Name: foot_L
  m_TagString: Untagged
  m_Icon: {fileID: 0}
  m_NavMeshLayer: 0
  m_StaticEditorFlags: 0
  m_IsActive: 1
--- !u!4 &3783256072788864884
Transform:
  m_ObjectHideFlags: 0
  m_CorrespondingSourceObject: {fileID: 0}
  m_PrefabInstance: {fileID: 0}
  m_PrefabAsset: {fileID: 0}
  m_GameObject: {fileID: 3786928684862615676}
  m_LocalRotation: {x: -0.06348718, y: -0.57148594, z: 0.0060472693, w: 0.81812996}
  m_LocalPosition: {x: -0.4541422, y: 0.000000016763806, z: 0.000000012572855}
  m_LocalScale: {x: 0.9999995, y: 1.0000001, z: 0.9999996}
  m_Children:
  - {fileID: 3783322724215718738}
  m_Father: {fileID: 3791553143349154676}
  m_RootOrder: 0
  m_LocalEulerAnglesHint: {x: -15.97288, y: -65.03139, z: -3.034415}
--- !u!1001 &1125613537502089935
PrefabInstance:
  m_ObjectHideFlags: 0
  serializedVersion: 2
  m_Modification:
    m_TransformParent: {fileID: 1615279824}
    m_Modifications:
    - target: {fileID: 100004, guid: e8f756f700bc42d4b8c70f48951752d7, type: 3}
      propertyPath: m_Name
      value: RedCoreImpactWave
      objectReference: {fileID: 0}
    - target: {fileID: 400004, guid: e8f756f700bc42d4b8c70f48951752d7, type: 3}
      propertyPath: m_LocalPosition.x
      value: 0
      objectReference: {fileID: 0}
    - target: {fileID: 400004, guid: e8f756f700bc42d4b8c70f48951752d7, type: 3}
      propertyPath: m_LocalPosition.y
      value: 1.5
      objectReference: {fileID: 0}
    - target: {fileID: 400004, guid: e8f756f700bc42d4b8c70f48951752d7, type: 3}
      propertyPath: m_LocalPosition.z
      value: 0
      objectReference: {fileID: 0}
    - target: {fileID: 400004, guid: e8f756f700bc42d4b8c70f48951752d7, type: 3}
      propertyPath: m_LocalRotation.x
      value: 0
      objectReference: {fileID: 0}
    - target: {fileID: 400004, guid: e8f756f700bc42d4b8c70f48951752d7, type: 3}
      propertyPath: m_LocalRotation.y
      value: 0
      objectReference: {fileID: 0}
    - target: {fileID: 400004, guid: e8f756f700bc42d4b8c70f48951752d7, type: 3}
      propertyPath: m_LocalRotation.z
      value: 0
      objectReference: {fileID: 0}
    - target: {fileID: 400004, guid: e8f756f700bc42d4b8c70f48951752d7, type: 3}
      propertyPath: m_LocalRotation.w
      value: 1
      objectReference: {fileID: 0}
    - target: {fileID: 400004, guid: e8f756f700bc42d4b8c70f48951752d7, type: 3}
      propertyPath: m_RootOrder
      value: 0
      objectReference: {fileID: 0}
    - target: {fileID: 400004, guid: e8f756f700bc42d4b8c70f48951752d7, type: 3}
      propertyPath: m_LocalEulerAnglesHint.x
      value: 0
      objectReference: {fileID: 0}
    - target: {fileID: 400004, guid: e8f756f700bc42d4b8c70f48951752d7, type: 3}
      propertyPath: m_LocalEulerAnglesHint.y
      value: 0
      objectReference: {fileID: 0}
    - target: {fileID: 400004, guid: e8f756f700bc42d4b8c70f48951752d7, type: 3}
      propertyPath: m_LocalEulerAnglesHint.z
      value: 0
      objectReference: {fileID: 0}
    - target: {fileID: 400000, guid: e8f756f700bc42d4b8c70f48951752d7, type: 3}
      propertyPath: m_LocalScale.z
      value: 3
      objectReference: {fileID: 0}
    - target: {fileID: 100010, guid: e8f756f700bc42d4b8c70f48951752d7, type: 3}
      propertyPath: m_IsActive
      value: 0
      objectReference: {fileID: 0}
    - target: {fileID: 19800004, guid: e8f756f700bc42d4b8c70f48951752d7, type: 3}
      propertyPath: moveWithTransform
      value: 1
      objectReference: {fileID: 0}
    - target: {fileID: 19800004, guid: e8f756f700bc42d4b8c70f48951752d7, type: 3}
      propertyPath: InitialModule.startSizeY.minMaxState
      value: 3
      objectReference: {fileID: 0}
    - target: {fileID: 19800004, guid: e8f756f700bc42d4b8c70f48951752d7, type: 3}
      propertyPath: InitialModule.startSizeZ.minMaxState
      value: 3
      objectReference: {fileID: 0}
    - target: {fileID: 19800004, guid: e8f756f700bc42d4b8c70f48951752d7, type: 3}
      propertyPath: InitialModule.startRotationX.minMaxState
      value: 3
      objectReference: {fileID: 0}
    - target: {fileID: 19800004, guid: e8f756f700bc42d4b8c70f48951752d7, type: 3}
      propertyPath: InitialModule.startRotationY.minMaxState
      value: 3
      objectReference: {fileID: 0}
    - target: {fileID: 19800008, guid: e8f756f700bc42d4b8c70f48951752d7, type: 3}
      propertyPath: moveWithTransform
      value: 1
      objectReference: {fileID: 0}
    - target: {fileID: 19800008, guid: e8f756f700bc42d4b8c70f48951752d7, type: 3}
      propertyPath: InitialModule.startSizeY.minMaxState
      value: 3
      objectReference: {fileID: 0}
    - target: {fileID: 19800008, guid: e8f756f700bc42d4b8c70f48951752d7, type: 3}
      propertyPath: InitialModule.startSizeZ.minMaxState
      value: 3
      objectReference: {fileID: 0}
    - target: {fileID: 19800008, guid: e8f756f700bc42d4b8c70f48951752d7, type: 3}
      propertyPath: InitialModule.startRotationX.minMaxState
      value: 3
      objectReference: {fileID: 0}
    - target: {fileID: 19800008, guid: e8f756f700bc42d4b8c70f48951752d7, type: 3}
      propertyPath: InitialModule.startRotationY.minMaxState
      value: 3
      objectReference: {fileID: 0}
    - target: {fileID: 19800006, guid: e8f756f700bc42d4b8c70f48951752d7, type: 3}
      propertyPath: moveWithTransform
      value: 1
      objectReference: {fileID: 0}
    - target: {fileID: 19800006, guid: e8f756f700bc42d4b8c70f48951752d7, type: 3}
      propertyPath: InitialModule.startSizeY.minMaxState
      value: 3
      objectReference: {fileID: 0}
    - target: {fileID: 19800006, guid: e8f756f700bc42d4b8c70f48951752d7, type: 3}
      propertyPath: InitialModule.startSizeZ.minMaxState
      value: 3
      objectReference: {fileID: 0}
    - target: {fileID: 19800006, guid: e8f756f700bc42d4b8c70f48951752d7, type: 3}
      propertyPath: InitialModule.startRotationX.minMaxState
      value: 3
      objectReference: {fileID: 0}
    - target: {fileID: 19800006, guid: e8f756f700bc42d4b8c70f48951752d7, type: 3}
      propertyPath: InitialModule.startRotationY.minMaxState
      value: 3
      objectReference: {fileID: 0}
    - target: {fileID: 19800006, guid: e8f756f700bc42d4b8c70f48951752d7, type: 3}
      propertyPath: ShapeModule.radius.value
      value: 1
      objectReference: {fileID: 0}
    - target: {fileID: 19800002, guid: e8f756f700bc42d4b8c70f48951752d7, type: 3}
      propertyPath: moveWithTransform
      value: 1
      objectReference: {fileID: 0}
    - target: {fileID: 19800002, guid: e8f756f700bc42d4b8c70f48951752d7, type: 3}
      propertyPath: InitialModule.startSizeY.minMaxState
      value: 3
      objectReference: {fileID: 0}
    - target: {fileID: 19800002, guid: e8f756f700bc42d4b8c70f48951752d7, type: 3}
      propertyPath: InitialModule.startSizeZ.minMaxState
      value: 3
      objectReference: {fileID: 0}
    - target: {fileID: 19800002, guid: e8f756f700bc42d4b8c70f48951752d7, type: 3}
      propertyPath: InitialModule.startRotationX.minMaxState
      value: 3
      objectReference: {fileID: 0}
    - target: {fileID: 19800002, guid: e8f756f700bc42d4b8c70f48951752d7, type: 3}
      propertyPath: InitialModule.startRotationY.minMaxState
      value: 3
      objectReference: {fileID: 0}
    - target: {fileID: 19800002, guid: e8f756f700bc42d4b8c70f48951752d7, type: 3}
      propertyPath: ShapeModule.radius.value
      value: 1
      objectReference: {fileID: 0}
    - target: {fileID: 19800000, guid: e8f756f700bc42d4b8c70f48951752d7, type: 3}
      propertyPath: moveWithTransform
      value: 1
      objectReference: {fileID: 0}
    - target: {fileID: 19800000, guid: e8f756f700bc42d4b8c70f48951752d7, type: 3}
      propertyPath: InitialModule.startRotationX.minMaxState
      value: 3
      objectReference: {fileID: 0}
    - target: {fileID: 19800000, guid: e8f756f700bc42d4b8c70f48951752d7, type: 3}
      propertyPath: InitialModule.startRotationY.minMaxState
      value: 3
      objectReference: {fileID: 0}
    - target: {fileID: 19800000, guid: e8f756f700bc42d4b8c70f48951752d7, type: 3}
      propertyPath: ShapeModule.radius.value
      value: 1
      objectReference: {fileID: 0}
    - target: {fileID: 19800000, guid: e8f756f700bc42d4b8c70f48951752d7, type: 3}
      propertyPath: EmissionModule.m_Bursts.Array.data[0].countCurve.scalar
      value: 66
      objectReference: {fileID: 0}
    m_RemovedComponents: []
  m_SourcePrefab: {fileID: 100100000, guid: e8f756f700bc42d4b8c70f48951752d7, type: 3}
--- !u!4 &1125613537501694027 stripped
Transform:
  m_CorrespondingSourceObject: {fileID: 400004, guid: e8f756f700bc42d4b8c70f48951752d7,
    type: 3}
  m_PrefabInstance: {fileID: 1125613537502089935}
  m_PrefabAsset: {fileID: 0}
--- !u!1001 &5397703939172613032
PrefabInstance:
  m_ObjectHideFlags: 0
  serializedVersion: 2
  m_Modification:
    m_TransformParent: {fileID: 3783548612291940470}
    m_Modifications:
    - target: {fileID: 100000, guid: 583ede368de31b54987d692b613e64d6, type: 3}
      propertyPath: m_Name
      value: Axe04
      objectReference: {fileID: 0}
    - target: {fileID: 400000, guid: 583ede368de31b54987d692b613e64d6, type: 3}
      propertyPath: m_LocalPosition.x
      value: 0
      objectReference: {fileID: 0}
    - target: {fileID: 400000, guid: 583ede368de31b54987d692b613e64d6, type: 3}
      propertyPath: m_LocalPosition.y
      value: 0
      objectReference: {fileID: 0}
    - target: {fileID: 400000, guid: 583ede368de31b54987d692b613e64d6, type: 3}
      propertyPath: m_LocalPosition.z
      value: 0
      objectReference: {fileID: 0}
    - target: {fileID: 400000, guid: 583ede368de31b54987d692b613e64d6, type: 3}
      propertyPath: m_LocalRotation.x
      value: 0.5
      objectReference: {fileID: 0}
    - target: {fileID: 400000, guid: 583ede368de31b54987d692b613e64d6, type: 3}
      propertyPath: m_LocalRotation.y
      value: -0.5
      objectReference: {fileID: 0}
    - target: {fileID: 400000, guid: 583ede368de31b54987d692b613e64d6, type: 3}
      propertyPath: m_LocalRotation.z
      value: -0.5
      objectReference: {fileID: 0}
    - target: {fileID: 400000, guid: 583ede368de31b54987d692b613e64d6, type: 3}
      propertyPath: m_LocalRotation.w
      value: 0.5
      objectReference: {fileID: 0}
    - target: {fileID: 400000, guid: 583ede368de31b54987d692b613e64d6, type: 3}
      propertyPath: m_RootOrder
      value: 0
      objectReference: {fileID: 0}
    - target: {fileID: 400000, guid: 583ede368de31b54987d692b613e64d6, type: 3}
      propertyPath: m_LocalEulerAnglesHint.x
      value: 0
      objectReference: {fileID: 0}
    - target: {fileID: 400000, guid: 583ede368de31b54987d692b613e64d6, type: 3}
      propertyPath: m_LocalEulerAnglesHint.y
      value: -90
      objectReference: {fileID: 0}
    - target: {fileID: 400000, guid: 583ede368de31b54987d692b613e64d6, type: 3}
      propertyPath: m_LocalEulerAnglesHint.z
      value: -90
      objectReference: {fileID: 0}
    - target: {fileID: 400000, guid: 583ede368de31b54987d692b613e64d6, type: 3}
      propertyPath: m_LocalScale.x
      value: 2
      objectReference: {fileID: 0}
    - target: {fileID: 400000, guid: 583ede368de31b54987d692b613e64d6, type: 3}
      propertyPath: m_LocalScale.y
      value: 2
      objectReference: {fileID: 0}
    - target: {fileID: 400000, guid: 583ede368de31b54987d692b613e64d6, type: 3}
      propertyPath: m_LocalScale.z
      value: 2
      objectReference: {fileID: 0}
    m_RemovedComponents: []
  m_SourcePrefab: {fileID: 100100000, guid: 583ede368de31b54987d692b613e64d6, type: 3}
--- !u!4 &5397703939172475176 stripped
Transform:
  m_CorrespondingSourceObject: {fileID: 400000, guid: 583ede368de31b54987d692b613e64d6,
    type: 3}
  m_PrefabInstance: {fileID: 5397703939172613032}
  m_PrefabAsset: {fileID: 0}
