%YAML 1.1
%TAG !u! tag:unity3d.com,2011:
--- !u!1001 &100100000
Prefab:
  m_ObjectHideFlags: 1
  serializedVersion: 2
  m_Modification:
    m_TransformParent: {fileID: 0}
    m_Modifications: []
    m_RemovedComponents: []
  m_ParentPrefab: {fileID: 0}
  m_RootGameObject: {fileID: 1041289659122890}
  m_IsPrefabParent: 1
--- !u!1 &1009569418105462
GameObject:
  m_ObjectHideFlags: 1
  m_PrefabParentObject: {fileID: 0}
  m_PrefabInternal: {fileID: 100100000}
  serializedVersion: 5
  m_Component:
  - component: {fileID: 4050717810152610}
  m_Layer: 0
  m_Name: middle_2_L
  m_TagString: Untagged
  m_Icon: {fileID: 0}
  m_NavMeshLayer: 0
  m_StaticEditorFlags: 0
  m_IsActive: 1
--- !u!1 &1026541253116096
GameObject:
  m_ObjectHideFlags: 1
  m_PrefabParentObject: {fileID: 0}
  m_PrefabInternal: {fileID: 100100000}
  serializedVersion: 5
  m_Component:
  - component: {fileID: 4133863643327702}
  m_Layer: 0
  m_Name: shin_R
  m_TagString: Untagged
  m_Icon: {fileID: 0}
  m_NavMeshLayer: 0
  m_StaticEditorFlags: 0
  m_IsActive: 1
--- !u!1 &1039761563720478
GameObject:
  m_ObjectHideFlags: 1
  m_PrefabParentObject: {fileID: 0}
  m_PrefabInternal: {fileID: 100100000}
  serializedVersion: 5
  m_Component:
  - component: {fileID: 4621916654439542}
  m_Layer: 0
  m_Name: shin_L
  m_TagString: Untagged
  m_Icon: {fileID: 0}
  m_NavMeshLayer: 0
  m_StaticEditorFlags: 0
  m_IsActive: 1
--- !u!1 &1041289659122890
GameObject:
  m_ObjectHideFlags: 0
  m_PrefabParentObject: {fileID: 0}
  m_PrefabInternal: {fileID: 100100000}
  serializedVersion: 5
  m_Component:
  - component: {fileID: 4344008945513878}
  - component: {fileID: 95803300987806186}
  - component: {fileID: 195837079897248628}
  - component: {fileID: 114201496682441968}
  - component: {fileID: 136697879876089596}
  - component: {fileID: 136263408436040110}
  - component: {fileID: 114206049425011630}
  - component: {fileID: 114515015732212734}
  - component: {fileID: 114587667629774626}
  - component: {fileID: 114933608996590642}
  - component: {fileID: 114350788495261744}
  m_Layer: 0
  m_Name: cyclop fast
  m_TagString: Mob
  m_Icon: {fileID: 0}
  m_NavMeshLayer: 0
  m_StaticEditorFlags: 0
  m_IsActive: 1
--- !u!1 &1042986081803156
GameObject:
  m_ObjectHideFlags: 1
  m_PrefabParentObject: {fileID: 0}
  m_PrefabInternal: {fileID: 100100000}
  serializedVersion: 5
  m_Component:
  - component: {fileID: 4812637385539252}
  m_Layer: 0
  m_Name: thumb_1_L
  m_TagString: Untagged
  m_Icon: {fileID: 0}
  m_NavMeshLayer: 0
  m_StaticEditorFlags: 0
  m_IsActive: 1
--- !u!1 &1046763858029374
GameObject:
  m_ObjectHideFlags: 1
  m_PrefabParentObject: {fileID: 0}
  m_PrefabInternal: {fileID: 100100000}
  serializedVersion: 5
  m_Component:
  - component: {fileID: 4850976756365476}
  m_Layer: 0
  m_Name: thumb_2_L
  m_TagString: Untagged
  m_Icon: {fileID: 0}
  m_NavMeshLayer: 0
  m_StaticEditorFlags: 0
  m_IsActive: 1
--- !u!1 &1093960788913410
GameObject:
  m_ObjectHideFlags: 1
  m_PrefabParentObject: {fileID: 0}
  m_PrefabInternal: {fileID: 100100000}
  serializedVersion: 5
  m_Component:
  - component: {fileID: 4666532021071814}
  m_Layer: 0
  m_Name: forearm_L
  m_TagString: Untagged
  m_Icon: {fileID: 0}
  m_NavMeshLayer: 0
  m_StaticEditorFlags: 0
  m_IsActive: 1
--- !u!1 &1103796582545504
GameObject:
  m_ObjectHideFlags: 1
  m_PrefabParentObject: {fileID: 0}
  m_PrefabInternal: {fileID: 100100000}
  serializedVersion: 5
  m_Component:
  - component: {fileID: 4698655962869792}
  m_Layer: 0
  m_Name: index_2_R
  m_TagString: Untagged
  m_Icon: {fileID: 0}
  m_NavMeshLayer: 0
  m_StaticEditorFlags: 0
  m_IsActive: 1
--- !u!1 &1118710919081854
GameObject:
  m_ObjectHideFlags: 1
  m_PrefabParentObject: {fileID: 0}
  m_PrefabInternal: {fileID: 100100000}
  serializedVersion: 5
  m_Component:
  - component: {fileID: 4210852725158006}
  m_Layer: 0
  m_Name: foot_L
  m_TagString: Untagged
  m_Icon: {fileID: 0}
  m_NavMeshLayer: 0
  m_StaticEditorFlags: 0
  m_IsActive: 1
--- !u!1 &1177287118251206
GameObject:
  m_ObjectHideFlags: 1
  m_PrefabParentObject: {fileID: 0}
  m_PrefabInternal: {fileID: 100100000}
  serializedVersion: 5
  m_Component:
  - component: {fileID: 4585909425423120}
  m_Layer: 0
  m_Name: thigh_R
  m_TagString: Untagged
  m_Icon: {fileID: 0}
  m_NavMeshLayer: 0
  m_StaticEditorFlags: 0
  m_IsActive: 1
--- !u!1 &1180949442442566
GameObject:
  m_ObjectHideFlags: 1
  m_PrefabParentObject: {fileID: 0}
  m_PrefabInternal: {fileID: 100100000}
  serializedVersion: 5
  m_Component:
  - component: {fileID: 4045970227697562}
  m_Layer: 0
  m_Name: ring_3_R
  m_TagString: Untagged
  m_Icon: {fileID: 0}
  m_NavMeshLayer: 0
  m_StaticEditorFlags: 0
  m_IsActive: 1
--- !u!1 &1198480977675834
GameObject:
  m_ObjectHideFlags: 0
  m_PrefabParentObject: {fileID: 0}
  m_PrefabInternal: {fileID: 100100000}
  serializedVersion: 5
  m_Component:
  - component: {fileID: 4241568406962426}
  m_Layer: 0
  m_Name: Armature
  m_TagString: Untagged
  m_Icon: {fileID: 0}
  m_NavMeshLayer: 0
  m_StaticEditorFlags: 0
  m_IsActive: 1
--- !u!1 &1221831622303880
GameObject:
  m_ObjectHideFlags: 1
  m_PrefabParentObject: {fileID: 0}
  m_PrefabInternal: {fileID: 100100000}
  serializedVersion: 5
  m_Component:
  - component: {fileID: 4896109890517268}
  m_Layer: 0
  m_Name: forehead
  m_TagString: Untagged
  m_Icon: {fileID: 0}
  m_NavMeshLayer: 0
  m_StaticEditorFlags: 0
  m_IsActive: 1
--- !u!1 &1266527461383500
GameObject:
  m_ObjectHideFlags: 1
  m_PrefabParentObject: {fileID: 0}
  m_PrefabInternal: {fileID: 100100000}
  serializedVersion: 5
  m_Component:
  - component: {fileID: 4896774678235028}
  m_Layer: 0
  m_Name: chest
  m_TagString: Untagged
  m_Icon: {fileID: 0}
  m_NavMeshLayer: 0
  m_StaticEditorFlags: 0
  m_IsActive: 1
--- !u!1 &1289551297616956
GameObject:
  m_ObjectHideFlags: 1
  m_PrefabParentObject: {fileID: 0}
  m_PrefabInternal: {fileID: 100100000}
  serializedVersion: 5
  m_Component:
  - component: {fileID: 4610998300012460}
  m_Layer: 0
  m_Name: ring_1_R
  m_TagString: Untagged
  m_Icon: {fileID: 0}
  m_NavMeshLayer: 0
  m_StaticEditorFlags: 0
  m_IsActive: 1
--- !u!1 &1294850151351422
GameObject:
  m_ObjectHideFlags: 1
  m_PrefabParentObject: {fileID: 0}
  m_PrefabInternal: {fileID: 100100000}
  serializedVersion: 5
  m_Component:
  - component: {fileID: 4561595477140592}
  m_Layer: 0
  m_Name: middle_1_R
  m_TagString: Untagged
  m_Icon: {fileID: 0}
  m_NavMeshLayer: 0
  m_StaticEditorFlags: 0
  m_IsActive: 1
--- !u!1 &1302652800840442
GameObject:
  m_ObjectHideFlags: 1
  m_PrefabParentObject: {fileID: 0}
  m_PrefabInternal: {fileID: 100100000}
  serializedVersion: 5
  m_Component:
  - component: {fileID: 4481965114450228}
  m_Layer: 0
  m_Name: cloth_back_1
  m_TagString: Untagged
  m_Icon: {fileID: 0}
  m_NavMeshLayer: 0
  m_StaticEditorFlags: 0
  m_IsActive: 1
--- !u!1 &1305166256537316
GameObject:
  m_ObjectHideFlags: 1
  m_PrefabParentObject: {fileID: 0}
  m_PrefabInternal: {fileID: 100100000}
  serializedVersion: 5
  m_Component:
  - component: {fileID: 4337174082313432}
  m_Layer: 0
  m_Name: spine
  m_TagString: Untagged
  m_Icon: {fileID: 0}
  m_NavMeshLayer: 0
  m_StaticEditorFlags: 0
  m_IsActive: 1
--- !u!1 &1322397064426440
GameObject:
  m_ObjectHideFlags: 1
  m_PrefabParentObject: {fileID: 0}
  m_PrefabInternal: {fileID: 100100000}
  serializedVersion: 5
  m_Component:
  - component: {fileID: 4508877184248302}
  m_Layer: 0
  m_Name: ring_2_R
  m_TagString: Untagged
  m_Icon: {fileID: 0}
  m_NavMeshLayer: 0
  m_StaticEditorFlags: 0
  m_IsActive: 1
--- !u!1 &1325282718290850
GameObject:
  m_ObjectHideFlags: 1
  m_PrefabParentObject: {fileID: 0}
  m_PrefabInternal: {fileID: 100100000}
  serializedVersion: 5
  m_Component:
  - component: {fileID: 4192609296289874}
  m_Layer: 0
  m_Name: thumb_2_R
  m_TagString: Untagged
  m_Icon: {fileID: 0}
  m_NavMeshLayer: 0
  m_StaticEditorFlags: 0
  m_IsActive: 1
--- !u!1 &1327436735032870
GameObject:
  m_ObjectHideFlags: 1
  m_PrefabParentObject: {fileID: 0}
  m_PrefabInternal: {fileID: 100100000}
  serializedVersion: 5
  m_Component:
  - component: {fileID: 4200076433763868}
  m_Layer: 0
  m_Name: jaw
  m_TagString: Untagged
  m_Icon: {fileID: 0}
  m_NavMeshLayer: 0
  m_StaticEditorFlags: 0
  m_IsActive: 1
--- !u!1 &1342990117395344
GameObject:
  m_ObjectHideFlags: 1
  m_PrefabParentObject: {fileID: 0}
  m_PrefabInternal: {fileID: 100100000}
  serializedVersion: 5
  m_Component:
  - component: {fileID: 4530220187411394}
  m_Layer: 0
  m_Name: shoulder_L
  m_TagString: Untagged
  m_Icon: {fileID: 0}
  m_NavMeshLayer: 0
  m_StaticEditorFlags: 0
  m_IsActive: 1
--- !u!1 &1364497333972952
GameObject:
  m_ObjectHideFlags: 1
  m_PrefabParentObject: {fileID: 0}
  m_PrefabInternal: {fileID: 100100000}
  serializedVersion: 5
  m_Component:
  - component: {fileID: 4462506344784370}
  m_Layer: 0
  m_Name: weapon
  m_TagString: Untagged
  m_Icon: {fileID: 0}
  m_NavMeshLayer: 0
  m_StaticEditorFlags: 0
  m_IsActive: 1
--- !u!1 &1408249063770226
GameObject:
  m_ObjectHideFlags: 1
  m_PrefabParentObject: {fileID: 0}
  m_PrefabInternal: {fileID: 100100000}
  serializedVersion: 5
  m_Component:
  - component: {fileID: 4539651939940348}
  m_Layer: 0
  m_Name: cloth_front_2
  m_TagString: Untagged
  m_Icon: {fileID: 0}
  m_NavMeshLayer: 0
  m_StaticEditorFlags: 0
  m_IsActive: 1
--- !u!1 &1427113635309750
GameObject:
  m_ObjectHideFlags: 1
  m_PrefabParentObject: {fileID: 0}
  m_PrefabInternal: {fileID: 100100000}
  serializedVersion: 5
  m_Component:
  - component: {fileID: 4625545248984216}
  m_Layer: 0
  m_Name: neck
  m_TagString: Untagged
  m_Icon: {fileID: 0}
  m_NavMeshLayer: 0
  m_StaticEditorFlags: 0
  m_IsActive: 1
--- !u!1 &1448662366629190
GameObject:
  m_ObjectHideFlags: 1
  m_PrefabParentObject: {fileID: 0}
  m_PrefabInternal: {fileID: 100100000}
  serializedVersion: 5
  m_Component:
  - component: {fileID: 4056955912162866}
  m_Layer: 0
  m_Name: index_1_R
  m_TagString: Untagged
  m_Icon: {fileID: 0}
  m_NavMeshLayer: 0
  m_StaticEditorFlags: 0
  m_IsActive: 1
--- !u!1 &1453676196143596
GameObject:
  m_ObjectHideFlags: 1
  m_PrefabParentObject: {fileID: 0}
  m_PrefabInternal: {fileID: 100100000}
  serializedVersion: 5
  m_Component:
  - component: {fileID: 4898589634224554}
  m_Layer: 0
  m_Name: cloth_back_2
  m_TagString: Untagged
  m_Icon: {fileID: 0}
  m_NavMeshLayer: 0
  m_StaticEditorFlags: 0
  m_IsActive: 1
--- !u!1 &1461468450584602
GameObject:
  m_ObjectHideFlags: 1
  m_PrefabParentObject: {fileID: 0}
  m_PrefabInternal: {fileID: 100100000}
  serializedVersion: 5
  m_Component:
  - component: {fileID: 4498719304863604}
  - component: {fileID: 33378163890921666}
  - component: {fileID: 23327658354261414}
  m_Layer: 0
  m_Name: Weapon Cyclop
  m_TagString: Untagged
  m_Icon: {fileID: 0}
  m_NavMeshLayer: 0
  m_StaticEditorFlags: 0
  m_IsActive: 0
--- !u!1 &1463221482954852
GameObject:
  m_ObjectHideFlags: 1
  m_PrefabParentObject: {fileID: 0}
  m_PrefabInternal: {fileID: 100100000}
  serializedVersion: 5
  m_Component:
  - component: {fileID: 4207431117150086}
  m_Layer: 0
  m_Name: foot_R
  m_TagString: Untagged
  m_Icon: {fileID: 0}
  m_NavMeshLayer: 0
  m_StaticEditorFlags: 0
  m_IsActive: 1
--- !u!1 &1469402566970492
GameObject:
  m_ObjectHideFlags: 0
  m_PrefabParentObject: {fileID: 0}
  m_PrefabInternal: {fileID: 100100000}
  serializedVersion: 5
  m_Component:
  - component: {fileID: 4510350362047336}
  - component: {fileID: 137606949935882584}
  m_Layer: 0
  m_Name: Weapon
  m_TagString: Untagged
  m_Icon: {fileID: 0}
  m_NavMeshLayer: 0
  m_StaticEditorFlags: 0
  m_IsActive: 0
--- !u!1 &1502323853370714
GameObject:
  m_ObjectHideFlags: 1
  m_PrefabParentObject: {fileID: 0}
  m_PrefabInternal: {fileID: 100100000}
  serializedVersion: 5
  m_Component:
  - component: {fileID: 4435818748939672}
  m_Layer: 0
  m_Name: cheek_R
  m_TagString: Untagged
  m_Icon: {fileID: 0}
  m_NavMeshLayer: 0
  m_StaticEditorFlags: 0
  m_IsActive: 1
--- !u!1 &1503131494123340
GameObject:
  m_ObjectHideFlags: 1
  m_PrefabParentObject: {fileID: 0}
  m_PrefabInternal: {fileID: 100100000}
  serializedVersion: 5
  m_Component:
  - component: {fileID: 4499108913526072}
  m_Layer: 0
  m_Name: index_3_L
  m_TagString: Untagged
  m_Icon: {fileID: 0}
  m_NavMeshLayer: 0
  m_StaticEditorFlags: 0
  m_IsActive: 1
--- !u!1 &1529195454363880
GameObject:
  m_ObjectHideFlags: 1
  m_PrefabParentObject: {fileID: 0}
  m_PrefabInternal: {fileID: 100100000}
  serializedVersion: 5
  m_Component:
  - component: {fileID: 4781256916287920}
  m_Layer: 0
  m_Name: cloth_front_1
  m_TagString: Untagged
  m_Icon: {fileID: 0}
  m_NavMeshLayer: 0
  m_StaticEditorFlags: 0
  m_IsActive: 1
--- !u!1 &1540433072269118
GameObject:
  m_ObjectHideFlags: 1
  m_PrefabParentObject: {fileID: 0}
  m_PrefabInternal: {fileID: 100100000}
  serializedVersion: 5
  m_Component:
  - component: {fileID: 4088128333258806}
  - component: {fileID: 33203192976916928}
  - component: {fileID: 23888293133237440}
  m_Layer: 0
  m_Name: Axe04 Cyclop
  m_TagString: Untagged
  m_Icon: {fileID: 0}
  m_NavMeshLayer: 0
  m_StaticEditorFlags: 0
  m_IsActive: 1
--- !u!1 &1568997905279654
GameObject:
  m_ObjectHideFlags: 1
  m_PrefabParentObject: {fileID: 0}
  m_PrefabInternal: {fileID: 100100000}
  serializedVersion: 5
  m_Component:
  - component: {fileID: 4551001357925862}
  m_Layer: 0
  m_Name: head
  m_TagString: Untagged
  m_Icon: {fileID: 0}
  m_NavMeshLayer: 0
  m_StaticEditorFlags: 0
  m_IsActive: 1
--- !u!1 &1576539324808972
GameObject:
  m_ObjectHideFlags: 1
  m_PrefabParentObject: {fileID: 0}
  m_PrefabInternal: {fileID: 100100000}
  serializedVersion: 5
  m_Component:
  - component: {fileID: 4669848223188820}
  m_Layer: 0
  m_Name: middle_2_R
  m_TagString: Untagged
  m_Icon: {fileID: 0}
  m_NavMeshLayer: 0
  m_StaticEditorFlags: 0
  m_IsActive: 1
--- !u!1 &1593358842356606
GameObject:
  m_ObjectHideFlags: 1
  m_PrefabParentObject: {fileID: 0}
  m_PrefabInternal: {fileID: 100100000}
  serializedVersion: 5
  m_Component:
  - component: {fileID: 4871111296656204}
  m_Layer: 0
  m_Name: hip
  m_TagString: Untagged
  m_Icon: {fileID: 0}
  m_NavMeshLayer: 0
  m_StaticEditorFlags: 0
  m_IsActive: 1
--- !u!1 &1606069034948184
GameObject:
  m_ObjectHideFlags: 1
  m_PrefabParentObject: {fileID: 0}
  m_PrefabInternal: {fileID: 100100000}
  serializedVersion: 5
  m_Component:
  - component: {fileID: 4990818048703064}
  m_Layer: 0
  m_Name: ring_1_L
  m_TagString: Untagged
  m_Icon: {fileID: 0}
  m_NavMeshLayer: 0
  m_StaticEditorFlags: 0
  m_IsActive: 1
--- !u!1 &1613522023753502
GameObject:
  m_ObjectHideFlags: 1
  m_PrefabParentObject: {fileID: 0}
  m_PrefabInternal: {fileID: 100100000}
  serializedVersion: 5
  m_Component:
  - component: {fileID: 4878092712644996}
  m_Layer: 0
  m_Name: hand_R
  m_TagString: Untagged
  m_Icon: {fileID: 0}
  m_NavMeshLayer: 0
  m_StaticEditorFlags: 0
  m_IsActive: 1
--- !u!1 &1632623975514242
GameObject:
  m_ObjectHideFlags: 0
  m_PrefabParentObject: {fileID: 0}
  m_PrefabInternal: {fileID: 100100000}
  serializedVersion: 5
  m_Component:
  - component: {fileID: 4668434481469014}
  m_Layer: 0
  m_Name: bp
  m_TagString: Untagged
  m_Icon: {fileID: 0}
  m_NavMeshLayer: 0
  m_StaticEditorFlags: 0
  m_IsActive: 1
--- !u!1 &1640384571471606
GameObject:
  m_ObjectHideFlags: 1
  m_PrefabParentObject: {fileID: 0}
  m_PrefabInternal: {fileID: 100100000}
  serializedVersion: 5
  m_Component:
  - component: {fileID: 4988749372219292}
  m_Layer: 0
  m_Name: middle_3_R
  m_TagString: Untagged
  m_Icon: {fileID: 0}
  m_NavMeshLayer: 0
  m_StaticEditorFlags: 0
  m_IsActive: 1
--- !u!1 &1649813208571136
GameObject:
  m_ObjectHideFlags: 1
  m_PrefabParentObject: {fileID: 0}
  m_PrefabInternal: {fileID: 100100000}
  serializedVersion: 5
  m_Component:
  - component: {fileID: 4562406593901280}
  m_Layer: 0
  m_Name: cheek_L
  m_TagString: Untagged
  m_Icon: {fileID: 0}
  m_NavMeshLayer: 0
  m_StaticEditorFlags: 0
  m_IsActive: 1
--- !u!1 &1690705819986144
GameObject:
  m_ObjectHideFlags: 1
  m_PrefabParentObject: {fileID: 0}
  m_PrefabInternal: {fileID: 100100000}
  serializedVersion: 5
  m_Component:
  - component: {fileID: 4114493334718512}
  m_Layer: 0
  m_Name: body_motion
  m_TagString: Untagged
  m_Icon: {fileID: 0}
  m_NavMeshLayer: 0
  m_StaticEditorFlags: 0
  m_IsActive: 1
--- !u!1 &1718776392431718
GameObject:
  m_ObjectHideFlags: 1
  m_PrefabParentObject: {fileID: 0}
  m_PrefabInternal: {fileID: 100100000}
  serializedVersion: 5
  m_Component:
  - component: {fileID: 4714714375822204}
  m_Layer: 0
  m_Name: thumb_1_R
  m_TagString: Untagged
  m_Icon: {fileID: 0}
  m_NavMeshLayer: 0
  m_StaticEditorFlags: 0
  m_IsActive: 1
--- !u!1 &1728137139550710
GameObject:
  m_ObjectHideFlags: 1
  m_PrefabParentObject: {fileID: 0}
  m_PrefabInternal: {fileID: 100100000}
  serializedVersion: 5
  m_Component:
  - component: {fileID: 4267324945439824}
  m_Layer: 0
  m_Name: toes_L
  m_TagString: Untagged
  m_Icon: {fileID: 0}
  m_NavMeshLayer: 0
  m_StaticEditorFlags: 0
  m_IsActive: 1
--- !u!1 &1746109897784556
GameObject:
  m_ObjectHideFlags: 1
  m_PrefabParentObject: {fileID: 0}
  m_PrefabInternal: {fileID: 100100000}
  serializedVersion: 5
  m_Component:
  - component: {fileID: 4693118561240538}
  m_Layer: 0
  m_Name: upperarm_R
  m_TagString: Untagged
  m_Icon: {fileID: 0}
  m_NavMeshLayer: 0
  m_StaticEditorFlags: 0
  m_IsActive: 1
--- !u!1 &1756003250719800
GameObject:
  m_ObjectHideFlags: 1
  m_PrefabParentObject: {fileID: 0}
  m_PrefabInternal: {fileID: 100100000}
  serializedVersion: 5
  m_Component:
  - component: {fileID: 4430721121505098}
  m_Layer: 0
  m_Name: index_2_L
  m_TagString: Untagged
  m_Icon: {fileID: 0}
  m_NavMeshLayer: 0
  m_StaticEditorFlags: 0
  m_IsActive: 1
--- !u!1 &1770632672092742
GameObject:
  m_ObjectHideFlags: 1
  m_PrefabParentObject: {fileID: 0}
  m_PrefabInternal: {fileID: 100100000}
  serializedVersion: 5
  m_Component:
  - component: {fileID: 4337906703256472}
  m_Layer: 0
  m_Name: hand_L
  m_TagString: Untagged
  m_Icon: {fileID: 0}
  m_NavMeshLayer: 0
  m_StaticEditorFlags: 0
  m_IsActive: 1
--- !u!1 &1771570914769280
GameObject:
  m_ObjectHideFlags: 1
  m_PrefabParentObject: {fileID: 0}
  m_PrefabInternal: {fileID: 100100000}
  serializedVersion: 5
  m_Component:
  - component: {fileID: 4611317138293214}
  m_Layer: 0
  m_Name: initial_bone
  m_TagString: Untagged
  m_Icon: {fileID: 0}
  m_NavMeshLayer: 0
  m_StaticEditorFlags: 0
  m_IsActive: 1
--- !u!1 &1790394518813164
GameObject:
  m_ObjectHideFlags: 1
  m_PrefabParentObject: {fileID: 0}
  m_PrefabInternal: {fileID: 100100000}
  serializedVersion: 5
  m_Component:
  - component: {fileID: 4656899333513980}
  m_Layer: 0
  m_Name: thigh_L
  m_TagString: Untagged
  m_Icon: {fileID: 0}
  m_NavMeshLayer: 0
  m_StaticEditorFlags: 0
  m_IsActive: 1
--- !u!1 &1836967575889778
GameObject:
  m_ObjectHideFlags: 1
  m_PrefabParentObject: {fileID: 0}
  m_PrefabInternal: {fileID: 100100000}
  serializedVersion: 5
  m_Component:
  - component: {fileID: 4250663699694282}
  m_Layer: 0
  m_Name: toes_R
  m_TagString: Untagged
  m_Icon: {fileID: 0}
  m_NavMeshLayer: 0
  m_StaticEditorFlags: 0
  m_IsActive: 1
--- !u!1 &1837233316552668
GameObject:
  m_ObjectHideFlags: 1
  m_PrefabParentObject: {fileID: 0}
  m_PrefabInternal: {fileID: 100100000}
  serializedVersion: 5
  m_Component:
  - component: {fileID: 4141202448169562}
  m_Layer: 0
  m_Name: hip_motion
  m_TagString: Untagged
  m_Icon: {fileID: 0}
  m_NavMeshLayer: 0
  m_StaticEditorFlags: 0
  m_IsActive: 1
--- !u!1 &1849863277588580
GameObject:
  m_ObjectHideFlags: 1
  m_PrefabParentObject: {fileID: 0}
  m_PrefabInternal: {fileID: 100100000}
  serializedVersion: 5
  m_Component:
  - component: {fileID: 4440776483405922}
  m_Layer: 0
  m_Name: shoulder_R
  m_TagString: Untagged
  m_Icon: {fileID: 0}
  m_NavMeshLayer: 0
  m_StaticEditorFlags: 0
  m_IsActive: 1
--- !u!1 &1871550723212118
GameObject:
  m_ObjectHideFlags: 1
  m_PrefabParentObject: {fileID: 0}
  m_PrefabInternal: {fileID: 100100000}
  serializedVersion: 5
  m_Component:
  - component: {fileID: 4389731756771466}
  m_Layer: 0
  m_Name: middle_1_L
  m_TagString: Untagged
  m_Icon: {fileID: 0}
  m_NavMeshLayer: 0
  m_StaticEditorFlags: 0
  m_IsActive: 1
--- !u!1 &1872615543676124
GameObject:
  m_ObjectHideFlags: 1
  m_PrefabParentObject: {fileID: 0}
  m_PrefabInternal: {fileID: 100100000}
  serializedVersion: 5
  m_Component:
  - component: {fileID: 4604233927186316}
  m_Layer: 0
  m_Name: index_1_L
  m_TagString: Untagged
  m_Icon: {fileID: 0}
  m_NavMeshLayer: 0
  m_StaticEditorFlags: 0
  m_IsActive: 1
--- !u!1 &1900619993261932
GameObject:
  m_ObjectHideFlags: 0
  m_PrefabParentObject: {fileID: 0}
  m_PrefabInternal: {fileID: 100100000}
  serializedVersion: 5
  m_Component:
  - component: {fileID: 4446638854806346}
  - component: {fileID: 137662990683021882}
  m_Layer: 0
  m_Name: Cyclop
  m_TagString: Untagged
  m_Icon: {fileID: 0}
  m_NavMeshLayer: 0
  m_StaticEditorFlags: 0
  m_IsActive: 1
--- !u!1 &1910514280945634
GameObject:
  m_ObjectHideFlags: 1
  m_PrefabParentObject: {fileID: 0}
  m_PrefabInternal: {fileID: 100100000}
  serializedVersion: 5
  m_Component:
  - component: {fileID: 4540347359993898}
  m_Layer: 0
  m_Name: middle_3_L
  m_TagString: Untagged
  m_Icon: {fileID: 0}
  m_NavMeshLayer: 0
  m_StaticEditorFlags: 0
  m_IsActive: 1
--- !u!1 &1933478521435978
GameObject:
  m_ObjectHideFlags: 1
  m_PrefabParentObject: {fileID: 0}
  m_PrefabInternal: {fileID: 100100000}
  serializedVersion: 5
  m_Component:
  - component: {fileID: 4708562782260464}
  m_Layer: 0
  m_Name: ring_2_L
  m_TagString: Untagged
  m_Icon: {fileID: 0}
  m_NavMeshLayer: 0
  m_StaticEditorFlags: 0
  m_IsActive: 1
--- !u!1 &1946397575721954
GameObject:
  m_ObjectHideFlags: 1
  m_PrefabParentObject: {fileID: 0}
  m_PrefabInternal: {fileID: 100100000}
  serializedVersion: 5
  m_Component:
  - component: {fileID: 4995868333747120}
  m_Layer: 0
  m_Name: index_3_R
  m_TagString: Untagged
  m_Icon: {fileID: 0}
  m_NavMeshLayer: 0
  m_StaticEditorFlags: 0
  m_IsActive: 1
--- !u!1 &1959400936222404
GameObject:
  m_ObjectHideFlags: 1
  m_PrefabParentObject: {fileID: 0}
  m_PrefabInternal: {fileID: 100100000}
  serializedVersion: 5
  m_Component:
  - component: {fileID: 4263280003722974}
  m_Layer: 0
  m_Name: upperarm_L
  m_TagString: Untagged
  m_Icon: {fileID: 0}
  m_NavMeshLayer: 0
  m_StaticEditorFlags: 0
  m_IsActive: 1
--- !u!1 &1960251577464566
GameObject:
  m_ObjectHideFlags: 1
  m_PrefabParentObject: {fileID: 0}
  m_PrefabInternal: {fileID: 100100000}
  serializedVersion: 5
  m_Component:
  - component: {fileID: 4010017292511772}
  m_Layer: 0
  m_Name: ring_3_L
  m_TagString: Untagged
  m_Icon: {fileID: 0}
  m_NavMeshLayer: 0
  m_StaticEditorFlags: 0
  m_IsActive: 1
--- !u!1 &1976776562805566
GameObject:
  m_ObjectHideFlags: 1
  m_PrefabParentObject: {fileID: 0}
  m_PrefabInternal: {fileID: 100100000}
  serializedVersion: 5
  m_Component:
  - component: {fileID: 4477879604851928}
  m_Layer: 0
  m_Name: upperlip
  m_TagString: Untagged
  m_Icon: {fileID: 0}
  m_NavMeshLayer: 0
  m_StaticEditorFlags: 0
  m_IsActive: 1
--- !u!1 &1984049834048086
GameObject:
  m_ObjectHideFlags: 1
  m_PrefabParentObject: {fileID: 0}
  m_PrefabInternal: {fileID: 100100000}
  serializedVersion: 5
  m_Component:
  - component: {fileID: 4805734162903850}
  m_Layer: 0
  m_Name: forearm_R
  m_TagString: Untagged
  m_Icon: {fileID: 0}
  m_NavMeshLayer: 0
  m_StaticEditorFlags: 0
  m_IsActive: 1
--- !u!4 &4010017292511772
Transform:
  m_ObjectHideFlags: 1
  m_PrefabParentObject: {fileID: 0}
  m_PrefabInternal: {fileID: 100100000}
  m_GameObject: {fileID: 1960251577464566}
  m_LocalRotation: {x: 0.55799425, y: 0.61184627, z: 0.39568213, w: -0.3971426}
  m_LocalPosition: {x: -0.088669725, y: 0.00000010430813, z: 0.000000037252903}
  m_LocalScale: {x: 0.9999999, y: 0.99999994, z: 0.99999994}
  m_Children: []
  m_Father: {fileID: 4708562782260464}
  m_RootOrder: 0
  m_LocalEulerAnglesHint: {x: -68.03304, y: -173.18262, z: 80.12444}
--- !u!4 &4045970227697562
Transform:
  m_ObjectHideFlags: 1
  m_PrefabParentObject: {fileID: 0}
  m_PrefabInternal: {fileID: 100100000}
  m_GameObject: {fileID: 1180949442442566}
  m_LocalRotation: {x: -0.48870957, y: 0.3838058, z: 0.3770427, w: 0.6868004}
  m_LocalPosition: {x: -0.08866969, y: -0.000000074505806, z: -0.000000029802322}
  m_LocalScale: {x: 1, y: 1, z: 0.99999994}
  m_Children: []
  m_Father: {fileID: 4508877184248302}
  m_RootOrder: 0
  m_LocalEulerAnglesHint: {x: -80.758194, y: 13.3268, z: 4.2778664}
--- !u!4 &4050717810152610
Transform:
  m_ObjectHideFlags: 1
  m_PrefabParentObject: {fileID: 0}
  m_PrefabInternal: {fileID: 100100000}
  m_GameObject: {fileID: 1009569418105462}
  m_LocalRotation: {x: 0.04170478, y: -0.61658186, z: 0.14193916, w: 0.7732663}
  m_LocalPosition: {x: -0.12016968, y: -0.00000016763806, z: -0.000000078231096}
  m_LocalScale: {x: 1.0000002, y: 1, z: 0.9999998}
  m_Children:
  - {fileID: 4540347359993898}
  m_Father: {fileID: 4389731756771466}
  m_RootOrder: 0
  m_LocalEulerAnglesHint: {x: 13.858894, y: -75.92117, z: 9.969539}
--- !u!4 &4056955912162866
Transform:
  m_ObjectHideFlags: 1
  m_PrefabParentObject: {fileID: 0}
  m_PrefabInternal: {fileID: 100100000}
  m_GameObject: {fileID: 1448662366629190}
  m_LocalRotation: {x: -0.4622032, y: 0.261869, z: 0.32155663, w: 0.78383297}
  m_LocalPosition: {x: -0.23712504, y: -0.055276714, z: -0.06745824}
  m_LocalScale: {x: 1.0000002, y: 1.0000002, z: 1.0000002}
  m_Children:
  - {fileID: 4698655962869792}
  m_Father: {fileID: 4878092712644996}
  m_RootOrder: 2
  m_LocalEulerAnglesHint: {x: -63.251614, y: 14.576914, z: 35.603447}
--- !u!4 &4088128333258806
Transform:
  m_ObjectHideFlags: 1
  m_PrefabParentObject: {fileID: 0}
  m_PrefabInternal: {fileID: 100100000}
  m_GameObject: {fileID: 1540433072269118}
  m_LocalRotation: {x: -0.005399971, y: -0.043108154, z: -0.99130857, w: 0.124176905}
  m_LocalPosition: {x: -0.19204403, y: -0.24294397, z: -0.021523003}
  m_LocalScale: {x: 2, y: 2, z: 2}
  m_Children: []
  m_Father: {fileID: 4878092712644996}
  m_RootOrder: 0
  m_LocalEulerAnglesHint: {x: -4.98, y: 0, z: -165.72}
--- !u!4 &4114493334718512
Transform:
  m_ObjectHideFlags: 1
  m_PrefabParentObject: {fileID: 0}
  m_PrefabInternal: {fileID: 100100000}
  m_GameObject: {fileID: 1690705819986144}
  m_LocalRotation: {x: 0, y: -0, z: -0, w: 1}
  m_LocalPosition: {x: -0.32122117, y: 0.00000000626204, z: 1.9350591}
  m_LocalScale: {x: 1, y: 1, z: 1}
  m_Children:
  - {fileID: 4141202448169562}
  m_Father: {fileID: 4611317138293214}
  m_RootOrder: 0
  m_LocalEulerAnglesHint: {x: 0, y: 0, z: 0}
--- !u!4 &4133863643327702
Transform:
  m_ObjectHideFlags: 1
  m_PrefabParentObject: {fileID: 0}
  m_PrefabInternal: {fileID: 100100000}
  m_GameObject: {fileID: 1026541253116096}
  m_LocalRotation: {x: -0.06440692, y: 0.47770178, z: 0.026157994, w: 0.8757674}
  m_LocalPosition: {x: -0.545636, y: 0.000000078231096, z: -0.000000029802322}
  m_LocalScale: {x: 1, y: 0.99999994, z: 1}
  m_Children:
  - {fileID: 4207431117150086}
  m_Father: {fileID: 4585909425423120}
  m_RootOrder: 0
  m_LocalEulerAnglesHint: {x: -8.6376705, y: 14.1343775, z: -1.7027608}
--- !u!4 &4141202448169562
Transform:
  m_ObjectHideFlags: 1
  m_PrefabParentObject: {fileID: 0}
  m_PrefabInternal: {fileID: 100100000}
  m_GameObject: {fileID: 1837233316552668}
  m_LocalRotation: {x: 0.6493604, y: 0.025077082, z: 0.75950116, w: -0.029330615}
  m_LocalPosition: {x: 0.35735327, y: -0.000000008989938, z: -0.51281714}
  m_LocalScale: {x: 0.99999976, y: 0.99999994, z: 0.9999999}
  m_Children:
  - {fileID: 4481965114450228}
  - {fileID: 4781256916287920}
  - {fileID: 4871111296656204}
  m_Father: {fileID: 4114493334718512}
  m_RootOrder: 0
  m_LocalEulerAnglesHint: {x: 4.719983, y: 93.17221, z: -98.46413}
--- !u!4 &4192609296289874
Transform:
  m_ObjectHideFlags: 1
  m_PrefabParentObject: {fileID: 0}
  m_PrefabInternal: {fileID: 100100000}
  m_GameObject: {fileID: 1325282718290850}
  m_LocalRotation: {x: -0.07810137, y: 0.36559644, z: 0.091307804, w: 0.92298555}
  m_LocalPosition: {x: -0.10785187, y: -0.000000014901161, z: -0.000000014901161}
  m_LocalScale: {x: 1.0000001, y: 1, z: 1.0000001}
  m_Children: []
  m_Father: {fileID: 4714714375822204}
  m_RootOrder: 0
  m_LocalEulerAnglesHint: {x: -12.177235, y: 42.518177, z: 6.5465035}
--- !u!4 &4200076433763868
Transform:
  m_ObjectHideFlags: 1
  m_PrefabParentObject: {fileID: 0}
  m_PrefabInternal: {fileID: 100100000}
  m_GameObject: {fileID: 1327436735032870}
  m_LocalRotation: {x: -0.0020303945, y: 0.68170124, z: 0.00018657865, w: 0.7316279}
  m_LocalPosition: {x: -0.028244857, y: -0.0012913325, z: 0.09278777}
  m_LocalScale: {x: 0.9999999, y: 0.9999998, z: 1}
  m_Children: []
  m_Father: {fileID: 4551001357925862}
  m_RootOrder: 3
  m_LocalEulerAnglesHint: {x: 0.9946512, y: 68.064384, z: -0.5235361}
--- !u!4 &4207431117150086
Transform:
  m_ObjectHideFlags: 1
  m_PrefabParentObject: {fileID: 0}
  m_PrefabInternal: {fileID: 100100000}
  m_GameObject: {fileID: 1463221482954852}
  m_LocalRotation: {x: -0.013481935, y: -0.65646005, z: 0.005623592, w: 0.75421935}
  m_LocalPosition: {x: -0.45414218, y: 0.000000039115548, z: 0.00000006984919}
  m_LocalScale: {x: 0.99999976, y: 0.9999998, z: 0.9999997}
  m_Children:
  - {fileID: 4250663699694282}
  m_Father: {fileID: 4133863643327702}
  m_RootOrder: 0
  m_LocalEulerAnglesHint: {x: 10.1988, y: -80.28581, z: -17.887056}
--- !u!4 &4210852725158006
Transform:
  m_ObjectHideFlags: 1
  m_PrefabParentObject: {fileID: 0}
  m_PrefabInternal: {fileID: 100100000}
  m_GameObject: {fileID: 1118710919081854}
  m_LocalRotation: {x: -0.06348718, y: -0.57148594, z: 0.0060472693, w: 0.81812996}
  m_LocalPosition: {x: -0.4541422, y: 0.000000016763806, z: 0.000000012572855}
  m_LocalScale: {x: 0.9999995, y: 1.0000001, z: 0.9999996}
  m_Children:
  - {fileID: 4267324945439824}
  m_Father: {fileID: 4621916654439542}
  m_RootOrder: 0
  m_LocalEulerAnglesHint: {x: -15.97288, y: -65.03139, z: -3.034415}
--- !u!4 &4241568406962426
Transform:
  m_ObjectHideFlags: 1
  m_PrefabParentObject: {fileID: 0}
  m_PrefabInternal: {fileID: 100100000}
  m_GameObject: {fileID: 1198480977675834}
  m_LocalRotation: {x: -0.7071068, y: 0, z: -0, w: 0.7071068}
  m_LocalPosition: {x: -0, y: 0, z: 0}
  m_LocalScale: {x: 1, y: 1, z: 1}
  m_Children:
  - {fileID: 4611317138293214}
  - {fileID: 4462506344784370}
  m_Father: {fileID: 4344008945513878}
  m_RootOrder: 0
  m_LocalEulerAnglesHint: {x: -90, y: 0, z: 0}
--- !u!4 &4250663699694282
Transform:
  m_ObjectHideFlags: 1
  m_PrefabParentObject: {fileID: 0}
  m_PrefabInternal: {fileID: 100100000}
  m_GameObject: {fileID: 1836967575889778}
  m_LocalRotation: {x: 0.9544209, y: -0.00000015339626, z: 0.29846388, w: -0.000000066690895}
  m_LocalPosition: {x: -0.20724961, y: 0.00000003633645, z: -0.000000073496366}
  m_LocalScale: {x: 1.0000001, y: 1, z: 1}
  m_Children: []
  m_Father: {fileID: 4207431117150086}
  m_RootOrder: 0
  m_LocalEulerAnglesHint: {x: -0.0000010541862, y: 145.26926, z: -179.99997}
--- !u!4 &4263280003722974
Transform:
  m_ObjectHideFlags: 1
  m_PrefabParentObject: {fileID: 0}
  m_PrefabInternal: {fileID: 100100000}
  m_GameObject: {fileID: 1959400936222404}
  m_LocalRotation: {x: 0.25867084, y: -0.5399104, z: 0.24049647, w: 0.7640338}
  m_LocalPosition: {x: -0.38119224, y: 0.052211177, z: -0.08945461}
  m_LocalScale: {x: 1.0000002, y: 1, z: 0.9999994}
  m_Children:
  - {fileID: 4666532021071814}
  m_Father: {fileID: 4530220187411394}
  m_RootOrder: 0
  m_LocalEulerAnglesHint: {x: 29.55335, y: -48.75836, z: -5.0827303}
--- !u!4 &4267324945439824
Transform:
  m_ObjectHideFlags: 1
  m_PrefabParentObject: {fileID: 0}
  m_PrefabInternal: {fileID: 100100000}
  m_GameObject: {fileID: 1728137139550710}
  m_LocalRotation: {x: 0.9544209, y: -0.00000011365339, z: 0.29846388, w: -0.00000019377973}
  m_LocalPosition: {x: -0.20724963, y: 0.000000005577437, z: -0.00000000930779}
  m_LocalScale: {x: 1.0000001, y: 1, z: 1}
  m_Children: []
  m_Father: {fileID: 4210852725158006}
  m_RootOrder: 0
  m_LocalEulerAnglesHint: {x: -0.000016904825, y: 145.26926, z: -179.99997}
--- !u!4 &4337174082313432
Transform:
  m_ObjectHideFlags: 1
  m_PrefabParentObject: {fileID: 0}
  m_PrefabInternal: {fileID: 100100000}
  m_GameObject: {fileID: 1305166256537316}
  m_LocalRotation: {x: 0.048249375, y: -0.01688344, z: 0.0045548594, w: 0.99868226}
  m_LocalPosition: {x: -0.39027697, y: 0.00000002918475, z: 0.00000002618346}
  m_LocalScale: {x: 1, y: 1, z: 0.9999997}
  m_Children:
  - {fileID: 4896774678235028}
  m_Father: {fileID: 4871111296656204}
  m_RootOrder: 1
  m_LocalEulerAnglesHint: {x: 8.679684, y: -4.0567875, z: 4.071005}
--- !u!4 &4337906703256472
Transform:
  m_ObjectHideFlags: 1
  m_PrefabParentObject: {fileID: 0}
  m_PrefabInternal: {fileID: 100100000}
  m_GameObject: {fileID: 1770632672092742}
  m_LocalRotation: {x: 0.64119875, y: 0.09791726, z: 0.11786199, w: 0.7519208}
  m_LocalPosition: {x: -0.43645045, y: 0.000000026077032, z: 0.000000059604645}
  m_LocalScale: {x: 1.0000001, y: 1.0000002, z: 0.9999998}
  m_Children:
  - {fileID: 4604233927186316}
  - {fileID: 4389731756771466}
  - {fileID: 4990818048703064}
  - {fileID: 4812637385539252}
  m_Father: {fileID: 4666532021071814}
  m_RootOrder: 0
  m_LocalEulerAnglesHint: {x: 70.250656, y: 62.016216, z: 63.656662}
--- !u!4 &4344008945513878
Transform:
  m_ObjectHideFlags: 1
  m_PrefabParentObject: {fileID: 0}
  m_PrefabInternal: {fileID: 100100000}
  m_GameObject: {fileID: 1041289659122890}
  m_LocalRotation: {x: 0, y: -0.7657078, z: 0, w: 0.6431887}
  m_LocalPosition: {x: 131.3993, y: 6.639924, z: 144.64795}
  m_LocalScale: {x: 1, y: 1, z: 1}
  m_Children:
  - {fileID: 4241568406962426}
  - {fileID: 4446638854806346}
  - {fileID: 4510350362047336}
  - {fileID: 4668434481469014}
  m_Father: {fileID: 0}
  m_RootOrder: 0
  m_LocalEulerAnglesHint: {x: 0, y: -99.94, z: 0}
--- !u!4 &4389731756771466
Transform:
  m_ObjectHideFlags: 1
  m_PrefabParentObject: {fileID: 0}
  m_PrefabInternal: {fileID: 100100000}
  m_GameObject: {fileID: 1871550723212118}
  m_LocalRotation: {x: 0.64709145, y: 0.21039519, z: -0.61134183, w: -0.40406412}
  m_LocalPosition: {x: -0.23575154, y: 0.031276606, z: -0.027129091}
  m_LocalScale: {x: 1, y: 1, z: 0.99999994}
  m_Children:
  - {fileID: 4050717810152610}
  m_Father: {fileID: 4337906703256472}
  m_RootOrder: 1
  m_LocalEulerAnglesHint: {x: -15.407726, y: -85.59693, z: 127.35405}
--- !u!4 &4430721121505098
Transform:
  m_ObjectHideFlags: 1
  m_PrefabParentObject: {fileID: 0}
  m_PrefabInternal: {fileID: 100100000}
  m_GameObject: {fileID: 1756003250719800}
  m_LocalRotation: {x: -0.027664024, y: -0.63070977, z: 0.21827191, w: 0.7441756}
  m_LocalPosition: {x: -0.13908789, y: 0.000000014901161, z: 0.000000035390258}
  m_LocalScale: {x: 1.0000001, y: 1, z: 0.99999994}
  m_Children:
  - {fileID: 4499108913526072}
  m_Father: {fileID: 4604233927186316}
  m_RootOrder: 0
  m_LocalEulerAnglesHint: {x: 13.542065, y: -77.954895, z: 21.718645}
--- !u!4 &4435818748939672
Transform:
  m_ObjectHideFlags: 1
  m_PrefabParentObject: {fileID: 0}
  m_PrefabInternal: {fileID: 100100000}
  m_GameObject: {fileID: 1502323853370714}
  m_LocalRotation: {x: 0.00000005289779, y: 0.97163707, z: 0.00000008393511, w: 0.236477}
  m_LocalPosition: {x: -0.1592516, y: 0.06743344, z: 0.16029796}
  m_LocalScale: {x: 1, y: 1, z: 1}
  m_Children: []
  m_Father: {fileID: 4551001357925862}
  m_RootOrder: 1
  m_LocalEulerAnglesHint: {x: -0.00000816371, y: 152.6426, z: 0.000008084168}
--- !u!4 &4440776483405922
Transform:
  m_ObjectHideFlags: 1
  m_PrefabParentObject: {fileID: 0}
  m_PrefabInternal: {fileID: 100100000}
  m_GameObject: {fileID: 1849863277588580}
  m_LocalRotation: {x: 0.28108367, y: -0.5094117, z: -0.41674265, w: 0.6984392}
  m_LocalPosition: {x: -0.3088612, y: 0.12393011, z: 0.1890544}
  m_LocalScale: {x: 0.99999994, y: 1.0000002, z: 0.9999999}
  m_Children:
  - {fileID: 4693118561240538}
  m_Father: {fileID: 4896774678235028}
  m_RootOrder: 2
  m_LocalEulerAnglesHint: {x: -1.6511905, y: -70.757996, z: -61.340897}
--- !u!4 &4446638854806346
Transform:
  m_ObjectHideFlags: 1
  m_PrefabParentObject: {fileID: 0}
  m_PrefabInternal: {fileID: 100100000}
  m_GameObject: {fileID: 1900619993261932}
  m_LocalRotation: {x: 0, y: -0, z: -0, w: 1}
  m_LocalPosition: {x: -0, y: 0, z: 0}
  m_LocalScale: {x: 1, y: 1, z: 1}
  m_Children: []
  m_Father: {fileID: 4344008945513878}
  m_RootOrder: 1
  m_LocalEulerAnglesHint: {x: 0, y: 0, z: 0}
--- !u!4 &4462506344784370
Transform:
  m_ObjectHideFlags: 1
  m_PrefabParentObject: {fileID: 0}
  m_PrefabInternal: {fileID: 100100000}
  m_GameObject: {fileID: 1364497333972952}
  m_LocalRotation: {x: 0.4511524, y: 0.83351237, z: 0.062208038, w: -0.31280795}
  m_LocalPosition: {x: 0.6491944, y: 0.289037, z: 1.2172298}
  m_LocalScale: {x: 1.0000005, y: 1.0000002, z: 0.99999976}
  m_Children: []
  m_Father: {fileID: 4241568406962426}
  m_RootOrder: 1
  m_LocalEulerAnglesHint: {x: 1.0389061, y: 148.69281, z: 102.93184}
--- !u!4 &4477879604851928
Transform:
  m_ObjectHideFlags: 1
  m_PrefabParentObject: {fileID: 0}
  m_PrefabInternal: {fileID: 100100000}
  m_GameObject: {fileID: 1976776562805566}
  m_LocalRotation: {x: -0.000000016490018, y: 0.97163707, z: 0.00000006775417, w: 0.23647714}
  m_LocalPosition: {x: -0.12363722, y: 0.000000077299774, z: 0.20397314}
  m_LocalScale: {x: 1, y: 0.99999994, z: 1}
  m_Children: []
  m_Father: {fileID: 4551001357925862}
  m_RootOrder: 4
  m_LocalEulerAnglesHint: {x: -0.000008075955, y: 152.64258, z: -0.0000001067217}
--- !u!4 &4481965114450228
Transform:
  m_ObjectHideFlags: 1
  m_PrefabParentObject: {fileID: 0}
  m_PrefabInternal: {fileID: 100100000}
  m_GameObject: {fileID: 1302652800840442}
  m_LocalRotation: {x: 0.00000004232772, y: 0.008487889, z: 0.000000002024969, w: 0.999964}
  m_LocalPosition: {x: -0.17346492, y: -0.00000007161263, z: 0.31801713}
  m_LocalScale: {x: 1, y: 1, z: 1}
  m_Children:
  - {fileID: 4898589634224554}
  m_Father: {fileID: 4141202448169562}
  m_RootOrder: 0
  m_LocalEulerAnglesHint: {x: 0.000004889373, y: 0.97265166, z: 0.00000026902623}
--- !u!4 &4498719304863604
Transform:
  m_ObjectHideFlags: 1
  m_PrefabParentObject: {fileID: 0}
  m_PrefabInternal: {fileID: 100100000}
  m_GameObject: {fileID: 1461468450584602}
  m_LocalRotation: {x: -0.41292316, y: -0.5860824, z: 0.41688344, w: -0.5587577}
  m_LocalPosition: {x: -0.19204403, y: -0.24294397, z: -0.021523003}
  m_LocalScale: {x: 1, y: 1, z: 1}
  m_Children: []
  m_Father: {fileID: 4878092712644996}
  m_RootOrder: 1
  m_LocalEulerAnglesHint: {x: 0, y: 0, z: 0}
--- !u!4 &4499108913526072
Transform:
  m_ObjectHideFlags: 1
  m_PrefabParentObject: {fileID: 0}
  m_PrefabInternal: {fileID: 100100000}
  m_GameObject: {fileID: 1503131494123340}
  m_LocalRotation: {x: 0.51402324, y: 0.68012, z: 0.2430779, w: -0.46274197}
  m_LocalPosition: {x: -0.073459215, y: 0.000000035390258, z: -0.000000005587935}
  m_LocalScale: {x: 0.9999998, y: 0.9999999, z: 0.9999998}
  m_Children: []
  m_Father: {fileID: 4430721121505098}
  m_RootOrder: 0
  m_LocalEulerAnglesHint: {x: -53.742226, y: -140.07732, z: 53.307255}
--- !u!4 &4508877184248302
Transform:
  m_ObjectHideFlags: 1
  m_PrefabParentObject: {fileID: 0}
  m_PrefabInternal: {fileID: 100100000}
  m_GameObject: {fileID: 1322397064426440}
  m_LocalRotation: {x: 0.045054436, y: 0.5251691, z: 0.19157352, w: 0.82792944}
  m_LocalPosition: {x: -0.08792217, y: 0.000000044703484, z: 0}
  m_LocalScale: {x: 1, y: 0.9999998, z: 0.99999994}
  m_Children:
  - {fileID: 4045970227697562}
  m_Father: {fileID: 4610998300012460}
  m_RootOrder: 0
  m_LocalEulerAnglesHint: {x: -7.2739367, y: 63.3884, z: 21.561438}
--- !u!4 &4510350362047336
Transform:
  m_ObjectHideFlags: 1
  m_PrefabParentObject: {fileID: 0}
  m_PrefabInternal: {fileID: 100100000}
  m_GameObject: {fileID: 1469402566970492}
  m_LocalRotation: {x: 0.000000007450581, y: -0.000000014901161, z: 0.000000018626451,
    w: 1}
  m_LocalPosition: {x: 0.00000005960464, y: 0.000000059604645, z: 0}
  m_LocalScale: {x: 1, y: 1, z: 1}
  m_Children: []
  m_Father: {fileID: 4344008945513878}
  m_RootOrder: 2
  m_LocalEulerAnglesHint: {x: 0, y: 0, z: 0}
--- !u!4 &4530220187411394
Transform:
  m_ObjectHideFlags: 1
  m_PrefabParentObject: {fileID: 0}
  m_PrefabInternal: {fileID: 100100000}
  m_GameObject: {fileID: 1342990117395344}
  m_LocalRotation: {x: -0.3247495, y: -0.54763836, z: 0.37042305, w: 0.6763259}
  m_LocalPosition: {x: -0.3111512, y: -0.12392995, z: 0.18012312}
  m_LocalScale: {x: 0.9999999, y: 1, z: 0.9999999}
  m_Children:
  - {fileID: 4263280003722974}
  m_Father: {fileID: 4896774678235028}
  m_RootOrder: 1
  m_LocalEulerAnglesHint: {x: 1.3741591, y: -79.908875, z: 60.34633}
--- !u!4 &4539651939940348
Transform:
  m_ObjectHideFlags: 1
  m_PrefabParentObject: {fileID: 0}
  m_PrefabInternal: {fileID: 100100000}
  m_GameObject: {fileID: 1408249063770226}
  m_LocalRotation: {x: -0.0007408359, y: -0.012747343, z: -0.024177076, w: 0.99962616}
  m_LocalPosition: {x: -0.1851822, y: 0.000000014901161, z: -0.000000015017577}
  m_LocalScale: {x: 0.9999999, y: 1, z: 1.0000001}
  m_Children: []
  m_Father: {fileID: 4781256916287920}
  m_RootOrder: 0
  m_LocalEulerAnglesHint: {x: 1.1767093, y: 1.1409719, z: 10.834604}
--- !u!4 &4540347359993898
Transform:
  m_ObjectHideFlags: 1
  m_PrefabParentObject: {fileID: 0}
  m_PrefabInternal: {fileID: 100100000}
  m_GameObject: {fileID: 1910514280945634}
  m_LocalRotation: {x: -0.47723436, y: -0.6433546, z: -0.32638973, w: 0.5018088}
  m_LocalPosition: {x: -0.08777268, y: 0.000000011175871, z: 0.000000040978193}
  m_LocalScale: {x: 1, y: 1, z: 0.99999994}
  m_Children: []
  m_Father: {fileID: 4050717810152610}
  m_RootOrder: 0
  m_LocalEulerAnglesHint: {x: -64.0177, y: -130.2933, z: 40.84009}
--- !u!4 &4551001357925862
Transform:
  m_ObjectHideFlags: 1
  m_PrefabParentObject: {fileID: 0}
  m_PrefabInternal: {fileID: 100100000}
  m_GameObject: {fileID: 1568997905279654}
  m_LocalRotation: {x: -0.027045669, y: -0.02452432, z: -0.024843203, w: 0.9990245}
  m_LocalPosition: {x: -0.1834204, y: 0.00000001557055, z: 0.00000009727137}
  m_LocalScale: {x: 1.0000001, y: 0.99999994, z: 0.9999999}
  m_Children:
  - {fileID: 4562406593901280}
  - {fileID: 4435818748939672}
  - {fileID: 4896109890517268}
  - {fileID: 4200076433763868}
  - {fileID: 4477879604851928}
  m_Father: {fileID: 4625545248984216}
  m_RootOrder: 0
  m_LocalEulerAnglesHint: {x: 6.314892, y: 10.914234, z: 6.062687}
--- !u!4 &4561595477140592
Transform:
  m_ObjectHideFlags: 1
  m_PrefabParentObject: {fileID: 0}
  m_PrefabInternal: {fileID: 100100000}
  m_GameObject: {fileID: 1294850151351422}
  m_LocalRotation: {x: -0.6774998, y: 0.15057546, z: 0.40938082, w: 0.5922233}
  m_LocalPosition: {x: -0.23035578, y: 0.037792005, z: -0.044145428}
  m_LocalScale: {x: 1.0000001, y: 1.0000001, z: 1.0000001}
  m_Children:
  - {fileID: 4669848223188820}
  m_Father: {fileID: 4878092712644996}
  m_RootOrder: 3
  m_LocalEulerAnglesHint: {x: -67.781364, y: -84.43928, z: 132.03485}
--- !u!4 &4562406593901280
Transform:
  m_ObjectHideFlags: 1
  m_PrefabParentObject: {fileID: 0}
  m_PrefabInternal: {fileID: 100100000}
  m_GameObject: {fileID: 1649813208571136}
  m_LocalRotation: {x: 0.00000005365516, y: 0.971637, z: 0.000000082792276, w: 0.23647727}
  m_LocalPosition: {x: -0.15925153, y: -0.06747722, z: 0.16029796}
  m_LocalScale: {x: 1, y: 0.9999998, z: 1}
  m_Children: []
  m_Father: {fileID: 4551001357925862}
  m_RootOrder: 0
  m_LocalEulerAnglesHint: {x: -0.0000079859, y: 152.64255, z: 0.000008137529}
--- !u!4 &4585909425423120
Transform:
  m_ObjectHideFlags: 1
  m_PrefabParentObject: {fileID: 0}
  m_PrefabInternal: {fileID: 100100000}
  m_GameObject: {fileID: 1177287118251206}
  m_LocalRotation: {x: -0.06939345, y: 0.9974396, z: -0.017018123, w: -0.0030165466}
  m_LocalPosition: {x: -0.087323256, y: 0.24075149, z: -0.016691877}
  m_LocalScale: {x: 0.99999964, y: 1.0000002, z: 1.0000005}
  m_Children:
  - {fileID: 4133863643327702}
  m_Father: {fileID: 4871111296656204}
  m_RootOrder: 0
  m_LocalEulerAnglesHint: {x: 2.102263, y: -167.59224, z: 0.022822857}
--- !u!4 &4604233927186316
Transform:
  m_ObjectHideFlags: 1
  m_PrefabParentObject: {fileID: 0}
  m_PrefabInternal: {fileID: 100100000}
  m_GameObject: {fileID: 1872615543676124}
  m_LocalRotation: {x: -0.650198, y: -0.1427869, z: 0.5481982, w: 0.5062936}
  m_LocalPosition: {x: -0.22373521, y: 0.08734611, z: 0.050090887}
  m_LocalScale: {x: 0.99999994, y: 0.9999998, z: 1}
  m_Children:
  - {fileID: 4430721121505098}
  m_Father: {fileID: 4337906703256472}
  m_RootOrder: 0
  m_LocalEulerAnglesHint: {x: -30.121222, y: -82.44599, z: 121.0825}
--- !u!4 &4610998300012460
Transform:
  m_ObjectHideFlags: 1
  m_PrefabParentObject: {fileID: 0}
  m_PrefabInternal: {fileID: 100100000}
  m_GameObject: {fileID: 1289551297616956}
  m_LocalRotation: {x: 0.19578567, y: 0.4567346, z: -0.022350315, w: 0.8675033}
  m_LocalPosition: {x: -0.19036013, y: 0.11680194, z: 0.01573776}
  m_LocalScale: {x: 1.0000001, y: 0.9999998, z: 1}
  m_Children:
  - {fileID: 4508877184248302}
  m_Father: {fileID: 4878092712644996}
  m_RootOrder: 4
  m_LocalEulerAnglesHint: {x: 21.106678, y: 57.14466, z: 8.634971}
--- !u!4 &4611317138293214
Transform:
  m_ObjectHideFlags: 1
  m_PrefabParentObject: {fileID: 0}
  m_PrefabInternal: {fileID: 100100000}
  m_GameObject: {fileID: 1771570914769280}
  m_LocalRotation: {x: 0, y: 0, z: 0.7071068, w: 0.7071068}
  m_LocalPosition: {x: -0, y: 0, z: 0}
  m_LocalScale: {x: 1, y: 1, z: 1}
  m_Children:
  - {fileID: 4114493334718512}
  m_Father: {fileID: 4241568406962426}
  m_RootOrder: 0
  m_LocalEulerAnglesHint: {x: 0, y: 0, z: 90}
--- !u!4 &4621916654439542
Transform:
  m_ObjectHideFlags: 1
  m_PrefabParentObject: {fileID: 0}
  m_PrefabInternal: {fileID: 100100000}
  m_GameObject: {fileID: 1039761563720478}
  m_LocalRotation: {x: -0.021659633, y: 0.23202012, z: -0.02431348, w: 0.9721658}
  m_LocalPosition: {x: -0.5456361, y: 0.000000009313226, z: -0.000000037252903}
  m_LocalScale: {x: 1.0000001, y: 0.99999994, z: 1}
  m_Children:
  - {fileID: 4210852725158006}
  m_Father: {fileID: 4656899333513980}
  m_RootOrder: 0
  m_LocalEulerAnglesHint: {x: -2.451237, y: 9.105283, z: -1.2952735}
--- !u!4 &4625545248984216
Transform:
  m_ObjectHideFlags: 1
  m_PrefabParentObject: {fileID: 0}
  m_PrefabInternal: {fileID: 100100000}
  m_GameObject: {fileID: 1427113635309750}
  m_LocalRotation: {x: 0.0013884318, y: 0.21564987, z: -0.0057982933, w: 0.9764525}
  m_LocalPosition: {x: -0.39264312, y: 0.000000028929207, z: -0.000000015818841}
  m_LocalScale: {x: 1, y: 1, z: 0.99999994}
  m_Children:
  - {fileID: 4551001357925862}
  m_Father: {fileID: 4896774678235028}
  m_RootOrder: 0
  m_LocalEulerAnglesHint: {x: -35.185116, y: 22.839846, z: -21.97954}
--- !u!4 &4656899333513980
Transform:
  m_ObjectHideFlags: 1
  m_PrefabParentObject: {fileID: 0}
  m_PrefabInternal: {fileID: 100100000}
  m_GameObject: {fileID: 1790394518813164}
  m_LocalRotation: {x: 0.053139053, y: 0.9525894, z: -0.041726775, w: 0.29666254}
  m_LocalPosition: {x: -0.08732329, y: -0.24075149, z: -0.016691985}
  m_LocalScale: {x: 0.9999997, y: 1.0000004, z: 1.0000002}
  m_Children:
  - {fileID: 4621916654439542}
  m_Father: {fileID: 4871111296656204}
  m_RootOrder: 2
  m_LocalEulerAnglesHint: {x: 1.3047495, y: -174.28116, z: 15.640062}
--- !u!4 &4666532021071814
Transform:
  m_ObjectHideFlags: 1
  m_PrefabParentObject: {fileID: 0}
  m_PrefabInternal: {fileID: 100100000}
  m_GameObject: {fileID: 1093960788913410}
  m_LocalRotation: {x: 0.04945654, y: 0.014225645, z: 0.35881463, w: 0.93198913}
  m_LocalPosition: {x: -0.4090777, y: 0.00000009685755, z: -0.00000011920929}
  m_LocalScale: {x: 0.99999994, y: 1.0000001, z: 0.9999999}
  m_Children:
  - {fileID: 4337906703256472}
  m_Father: {fileID: 4263280003722974}
  m_RootOrder: 0
  m_LocalEulerAnglesHint: {x: -6.287354, y: 13.6473055, z: 64.50894}
--- !u!4 &4668434481469014
Transform:
  m_ObjectHideFlags: 1
  m_PrefabParentObject: {fileID: 0}
  m_PrefabInternal: {fileID: 100100000}
  m_GameObject: {fileID: 1632623975514242}
  m_LocalRotation: {x: 0, y: 0, z: 0, w: 1}
  m_LocalPosition: {x: 0, y: 1.63, z: 0}
  m_LocalScale: {x: 1, y: 1, z: 1}
  m_Children: []
  m_Father: {fileID: 4344008945513878}
  m_RootOrder: 3
  m_LocalEulerAnglesHint: {x: 0, y: 0, z: 0}
--- !u!4 &4669848223188820
Transform:
  m_ObjectHideFlags: 1
  m_PrefabParentObject: {fileID: 0}
  m_PrefabInternal: {fileID: 100100000}
  m_GameObject: {fileID: 1576539324808972}
  m_LocalRotation: {x: 0.8244339, y: 0.34565827, z: 0.44406545, w: 0.060290266}
  m_LocalPosition: {x: -0.12016967, y: 0.000000026077032, z: -0.0000000144355}
  m_LocalScale: {x: 0.9999999, y: 0.9999999, z: 1}
  m_Children:
  - {fileID: 4988749372219292}
  m_Father: {fileID: 4561595477140592}
  m_RootOrder: 0
  m_LocalEulerAnglesHint: {x: -11.980528, y: 127.71, z: 140.40373}
--- !u!4 &4693118561240538
Transform:
  m_ObjectHideFlags: 1
  m_PrefabParentObject: {fileID: 0}
  m_PrefabInternal: {fileID: 100100000}
  m_GameObject: {fileID: 1746109897784556}
  m_LocalRotation: {x: 0.79178256, y: -0.14404751, z: 0.5161041, w: 0.29320177}
  m_LocalPosition: {x: -0.38119224, y: -0.037239585, z: -0.09665112}
  m_LocalScale: {x: 1.0000001, y: 0.9999999, z: 1.0000002}
  m_Children:
  - {fileID: 4805734162903850}
  m_Father: {fileID: 4440776483405922}
  m_RootOrder: 0
  m_LocalEulerAnglesHint: {x: 21.226221, y: 158.04675, z: -164.87386}
--- !u!4 &4698655962869792
Transform:
  m_ObjectHideFlags: 1
  m_PrefabParentObject: {fileID: 0}
  m_PrefabInternal: {fileID: 100100000}
  m_GameObject: {fileID: 1103796582545504}
  m_LocalRotation: {x: 0.09780424, y: -0.1012135, z: 0.5691273, w: 0.8101137}
  m_LocalPosition: {x: -0.13908808, y: -0.000000007450581, z: -0.000000029802322}
  m_LocalScale: {x: 1.0000001, y: 1.0000001, z: 1}
  m_Children:
  - {fileID: 4995868333747120}
  m_Father: {fileID: 4056955912162866}
  m_RootOrder: 0
  m_LocalEulerAnglesHint: {x: 15.882887, y: -3.1386876, z: 69.74025}
--- !u!4 &4708562782260464
Transform:
  m_ObjectHideFlags: 1
  m_PrefabParentObject: {fileID: 0}
  m_PrefabInternal: {fileID: 100100000}
  m_GameObject: {fileID: 1933478521435978}
  m_LocalRotation: {x: 0.16488956, y: -0.55081767, z: 0.039764423, w: 0.81720877}
  m_LocalPosition: {x: -0.08792196, y: -0.000000014901161, z: -0.000000074505806}
  m_LocalScale: {x: 1, y: 1, z: 1}
  m_Children:
  - {fileID: 4010017292511772}
  m_Father: {fileID: 4990818048703064}
  m_RootOrder: 0
  m_LocalEulerAnglesHint: {x: 18.258472, y: -69.09706, z: -7.0561028}
--- !u!4 &4714714375822204
Transform:
  m_ObjectHideFlags: 1
  m_PrefabParentObject: {fileID: 0}
  m_PrefabInternal: {fileID: 100100000}
  m_GameObject: {fileID: 1718776392431718}
  m_LocalRotation: {x: -0.33380508, y: 0.23894332, z: 0.18820123, w: 0.8922223}
  m_LocalPosition: {x: -0.10822317, y: -0.15775883, z: -0.026128778}
  m_LocalScale: {x: 0.9999999, y: 1, z: 1.0000001}
  m_Children:
  - {fileID: 4192609296289874}
  m_Father: {fileID: 4878092712644996}
  m_RootOrder: 5
  m_LocalEulerAnglesHint: {x: -43.282463, y: 24.400274, z: 14.016122}
--- !u!4 &4781256916287920
Transform:
  m_ObjectHideFlags: 1
  m_PrefabParentObject: {fileID: 0}
  m_PrefabInternal: {fileID: 100100000}
  m_GameObject: {fileID: 1529195454363880}
  m_LocalRotation: {x: 0.00065379805, y: -0.08602367, z: 0.0121339355, w: 0.996219}
  m_LocalPosition: {x: -0.18670571, y: 0.00000009943986, z: -0.30774087}
  m_LocalScale: {x: 1.0000001, y: 1, z: 1.0000001}
  m_Children:
  - {fileID: 4539651939940348}
  m_Father: {fileID: 4141202448169562}
  m_RootOrder: 1
  m_LocalEulerAnglesHint: {x: 0.0000057282004, y: 3.2807844, z: 0.0000009183974}
--- !u!4 &4805734162903850
Transform:
  m_ObjectHideFlags: 1
  m_PrefabParentObject: {fileID: 0}
  m_PrefabInternal: {fileID: 100100000}
  m_GameObject: {fileID: 1984049834048086}
  m_LocalRotation: {x: -0.60603654, y: -0.31629056, z: 0.270073, w: 0.6780417}
  m_LocalPosition: {x: -0.4090777, y: 0.000000029802322, z: 0.00000016391277}
  m_LocalScale: {x: 0.99999994, y: 0.9999999, z: 0.9999997}
  m_Children:
  - {fileID: 4878092712644996}
  m_Father: {fileID: 4693118561240538}
  m_RootOrder: 0
  m_LocalEulerAnglesHint: {x: -53.715942, y: -80.407364, z: 75.88236}
--- !u!4 &4812637385539252
Transform:
  m_ObjectHideFlags: 1
  m_PrefabParentObject: {fileID: 0}
  m_PrefabInternal: {fileID: 100100000}
  m_GameObject: {fileID: 1042986081803156}
  m_LocalRotation: {x: 0.87300867, y: 0.440702, z: 0.030957172, w: 0.20658974}
  m_LocalPosition: {x: -0.10822319, y: 0.015094804, z: 0.1591939}
  m_LocalScale: {x: 1.0000004, y: 1.0000002, z: 1.0000004}
  m_Children:
  - {fileID: 4850976756365476}
  m_Father: {fileID: 4337906703256472}
  m_RootOrder: 3
  m_LocalEulerAnglesHint: {x: 19.476707, y: 165.49445, z: 123.92749}
--- !u!4 &4850976756365476
Transform:
  m_ObjectHideFlags: 1
  m_PrefabParentObject: {fileID: 0}
  m_PrefabInternal: {fileID: 100100000}
  m_GameObject: {fileID: 1046763858029374}
  m_LocalRotation: {x: -0.2758653, y: 0.59965825, z: 0.04631717, w: 0.74977535}
  m_LocalPosition: {x: -0.10785201, y: -0.000000011408702, z: 0.000000001862645}
  m_LocalScale: {x: 1.0000001, y: 1, z: 1.0000001}
  m_Children: []
  m_Father: {fileID: 4812637385539252}
  m_RootOrder: 0
  m_LocalEulerAnglesHint: {x: -27.983856, y: 81.625336, z: -17.217735}
--- !u!4 &4871111296656204
Transform:
  m_ObjectHideFlags: 1
  m_PrefabParentObject: {fileID: 0}
  m_PrefabInternal: {fileID: 100100000}
  m_GameObject: {fileID: 1593358842356606}
  m_LocalRotation: {x: 0.00000007463379, y: 1, z: 0.0000003140378, w: 2.3499066e-14}
  m_LocalPosition: {x: -0.39027718, y: 0.000000030303056, z: 0.000000006431947}
  m_LocalScale: {x: 1, y: 1, z: 1}
  m_Children:
  - {fileID: 4585909425423120}
  - {fileID: 4337174082313432}
  - {fileID: 4656899333513980}
  m_Father: {fileID: 4141202448169562}
  m_RootOrder: 2
  m_LocalEulerAnglesHint: {x: -0.000035877878, y: 179.99998, z: 0.000008653152}
--- !u!4 &4878092712644996
Transform:
  m_ObjectHideFlags: 1
  m_PrefabParentObject: {fileID: 0}
  m_PrefabInternal: {fileID: 100100000}
  m_GameObject: {fileID: 1613522023753502}
  m_LocalRotation: {x: 0.7661639, y: 0.1479837, z: 0.011311098, w: 0.6252726}
  m_LocalPosition: {x: -0.43645024, y: -0.000000059604645, z: 0}
  m_LocalScale: {x: 0.9999994, y: 1.0000004, z: 1.0000006}
  m_Children:
  - {fileID: 4088128333258806}
  - {fileID: 4498719304863604}
  - {fileID: 4056955912162866}
  - {fileID: 4561595477140592}
  - {fileID: 4610998300012460}
  - {fileID: 4714714375822204}
  m_Father: {fileID: 4805734162903850}
  m_RootOrder: 0
  m_LocalEulerAnglesHint: {x: 84.48011, y: 43.673996, z: 51.476063}
--- !u!4 &4896109890517268
Transform:
  m_ObjectHideFlags: 1
  m_PrefabParentObject: {fileID: 0}
  m_PrefabInternal: {fileID: 100100000}
  m_GameObject: {fileID: 1221831622303880}
  m_LocalRotation: {x: -0.000000015870091, y: 0.97163707, z: 0.00000006520702, w: 0.23647714}
  m_LocalPosition: {x: -0.23052838, y: 0.000024877489, z: 0.14845958}
  m_LocalScale: {x: 1, y: 0.99999994, z: 1}
  m_Children: []
  m_Father: {fileID: 4551001357925862}
  m_RootOrder: 2
  m_LocalEulerAnglesHint: {x: -0.000007865672, y: 152.64258, z: -0.0000001067217}
--- !u!4 &4896774678235028
Transform:
  m_ObjectHideFlags: 1
  m_PrefabParentObject: {fileID: 0}
  m_PrefabInternal: {fileID: 100100000}
  m_GameObject: {fileID: 1266527461383500}
  m_LocalRotation: {x: 0.00000003591061, y: 0.120857485, z: -0.000000029820782, w: 0.9926699}
  m_LocalPosition: {x: -0.39279646, y: 0.00000003009336, z: 0.000000004778485}
  m_LocalScale: {x: 0.99999994, y: 0.99999994, z: 0.9999998}
  m_Children:
  - {fileID: 4625545248984216}
  - {fileID: 4530220187411394}
  - {fileID: 4440776483405922}
  m_Father: {fileID: 4337174082313432}
  m_RootOrder: 0
  m_LocalEulerAnglesHint: {x: 0.000009536743, y: 13.883186, z: -0.000002682209}
--- !u!4 &4898589634224554
Transform:
  m_ObjectHideFlags: 1
  m_PrefabParentObject: {fileID: 0}
  m_PrefabInternal: {fileID: 100100000}
  m_GameObject: {fileID: 1453676196143596}
  m_LocalRotation: {x: -0.0013918547, y: 0.07111374, z: 0.009836674, w: 0.99741876}
  m_LocalPosition: {x: -0.1517174, y: 0.000000009767859, z: -0.00000003236346}
  m_LocalScale: {x: 1, y: 0.99999994, z: 1}
  m_Children: []
  m_Father: {fileID: 4481965114450228}
  m_RootOrder: 0
  m_LocalEulerAnglesHint: {x: 0.84187305, y: -4.710002, z: 9.090649}
--- !u!4 &4988749372219292
Transform:
  m_ObjectHideFlags: 1
  m_PrefabParentObject: {fileID: 0}
  m_PrefabInternal: {fileID: 100100000}
  m_GameObject: {fileID: 1640384571471606}
  m_LocalRotation: {x: -0.64534503, y: 0.50024456, z: 0.12308465, w: 0.5640349}
  m_LocalPosition: {x: -0.08777276, y: 0.00000011175871, z: -0.000000029802322}
  m_LocalScale: {x: 1.0000001, y: 1.0000002, z: 1.0000002}
  m_Children: []
  m_Father: {fileID: 4669848223188820}
  m_RootOrder: 0
  m_LocalEulerAnglesHint: {x: -58.335762, y: 129.43303, z: -74.89879}
--- !u!4 &4990818048703064
Transform:
  m_ObjectHideFlags: 1
  m_PrefabParentObject: {fileID: 0}
  m_PrefabInternal: {fileID: 100100000}
  m_GameObject: {fileID: 1606069034948184}
  m_LocalRotation: {x: 0.66470397, y: 0.33333558, z: -0.5781067, w: -0.33592963}
  m_LocalPosition: {x: -0.19835444, y: -0.016082823, z: -0.115371674}
  m_LocalScale: {x: 1, y: 1, z: 0.99999994}
  m_Children:
  - {fileID: 4708562782260464}
  m_Father: {fileID: 4337906703256472}
  m_RootOrder: 2
  m_LocalEulerAnglesHint: {x: -3.5075715, y: -96.08977, z: 123.58087}
--- !u!4 &4995868333747120
Transform:
  m_ObjectHideFlags: 1
  m_PrefabParentObject: {fileID: 0}
  m_PrefabInternal: {fileID: 100100000}
  m_GameObject: {fileID: 1946397575721954}
  m_LocalRotation: {x: 0.65181875, y: 0.18831693, z: 0.37483293, w: 0.6317985}
  m_LocalPosition: {x: -0.07345927, y: -0.00000017508864, z: 0.000000044703484}
  m_LocalScale: {x: 1, y: 0.9999999, z: 1}
  m_Children: []
  m_Father: {fileID: 4698655962869792}
  m_RootOrder: 0
  m_LocalEulerAnglesHint: {x: 43.03628, y: 83.768524, z: 100.30352}
--- !u!23 &23327658354261414
MeshRenderer:
  m_ObjectHideFlags: 1
  m_PrefabParentObject: {fileID: 0}
  m_PrefabInternal: {fileID: 100100000}
  m_GameObject: {fileID: 1461468450584602}
  m_Enabled: 1
  m_CastShadows: 1
  m_ReceiveShadows: 1
  m_DynamicOccludee: 1
  m_MotionVectors: 1
  m_LightProbeUsage: 1
  m_ReflectionProbeUsage: 1
  m_Materials:
  - {fileID: 2100000, guid: dfda17937980e9b428d74bdc2ea018a2, type: 2}
  m_StaticBatchInfo:
    firstSubMesh: 0
    subMeshCount: 0
  m_StaticBatchRoot: {fileID: 0}
  m_ProbeAnchor: {fileID: 0}
  m_LightProbeVolumeOverride: {fileID: 0}
  m_ScaleInLightmap: 1
  m_PreserveUVs: 0
  m_IgnoreNormalsForChartDetection: 0
  m_ImportantGI: 0
  m_StitchLightmapSeams: 0
  m_SelectedEditorRenderState: 3
  m_MinimumChartSize: 4
  m_AutoUVMaxDistance: 0.5
  m_AutoUVMaxAngle: 89
  m_LightmapParameters: {fileID: 0}
  m_SortingLayerID: 0
  m_SortingLayer: 0
  m_SortingOrder: 0
--- !u!23 &23888293133237440
MeshRenderer:
  m_ObjectHideFlags: 1
  m_PrefabParentObject: {fileID: 0}
  m_PrefabInternal: {fileID: 100100000}
  m_GameObject: {fileID: 1540433072269118}
  m_Enabled: 1
  m_CastShadows: 1
  m_ReceiveShadows: 1
  m_DynamicOccludee: 1
  m_MotionVectors: 1
  m_LightProbeUsage: 1
  m_ReflectionProbeUsage: 1
  m_Materials:
  - {fileID: 2100000, guid: 744bccde2ec3b58489ead0f2af3d6635, type: 2}
  m_StaticBatchInfo:
    firstSubMesh: 0
    subMeshCount: 0
  m_StaticBatchRoot: {fileID: 0}
  m_ProbeAnchor: {fileID: 0}
  m_LightProbeVolumeOverride: {fileID: 0}
  m_ScaleInLightmap: 1
  m_PreserveUVs: 0
  m_IgnoreNormalsForChartDetection: 0
  m_ImportantGI: 0
  m_StitchLightmapSeams: 0
  m_SelectedEditorRenderState: 3
  m_MinimumChartSize: 4
  m_AutoUVMaxDistance: 0.5
  m_AutoUVMaxAngle: 89
  m_LightmapParameters: {fileID: 0}
  m_SortingLayerID: 0
  m_SortingLayer: 0
  m_SortingOrder: 0
--- !u!33 &33203192976916928
MeshFilter:
  m_ObjectHideFlags: 1
  m_PrefabParentObject: {fileID: 0}
  m_PrefabInternal: {fileID: 100100000}
  m_GameObject: {fileID: 1540433072269118}
  m_Mesh: {fileID: 4300000, guid: 626d53e1fb117634c9d0d66ec10b19db, type: 3}
--- !u!33 &33378163890921666
MeshFilter:
  m_ObjectHideFlags: 1
  m_PrefabParentObject: {fileID: 0}
  m_PrefabInternal: {fileID: 100100000}
  m_GameObject: {fileID: 1461468450584602}
  m_Mesh: {fileID: 4300002, guid: 9d693f089b09f2e4b9dd4789d5ec3f55, type: 3}
--- !u!95 &95803300987806186
Animator:
  serializedVersion: 3
  m_ObjectHideFlags: 1
  m_PrefabParentObject: {fileID: 0}
  m_PrefabInternal: {fileID: 100100000}
  m_GameObject: {fileID: 1041289659122890}
  m_Enabled: 1
  m_Avatar: {fileID: 9000000, guid: 9d693f089b09f2e4b9dd4789d5ec3f55, type: 3}
  m_Controller: {fileID: 9100000, guid: 58b26dac5e74a4dbaaff249671c00997, type: 2}
  m_CullingMode: 1
  m_UpdateMode: 0
  m_ApplyRootMotion: 0
  m_LinearVelocityBlending: 0
  m_WarningMessage: 
  m_HasTransformHierarchy: 1
  m_AllowConstantClipSamplingOptimization: 1
--- !u!114 &114201496682441968
MonoBehaviour:
  m_ObjectHideFlags: 1
  m_PrefabParentObject: {fileID: 0}
  m_PrefabInternal: {fileID: 100100000}
  m_GameObject: {fileID: 1041289659122890}
  m_Enabled: 1
  m_EditorHideFlags: 0
  m_Script: {fileID: 11500000, guid: da1a06059505b418289991b46102c74f, type: 3}
  m_Name: 
  m_EditorClassIdentifier: 
  attackPower: 20
--- !u!114 &114206049425011630
MonoBehaviour:
  m_ObjectHideFlags: 1
  m_PrefabParentObject: {fileID: 0}
  m_PrefabInternal: {fileID: 100100000}
  m_GameObject: {fileID: 1041289659122890}
  m_Enabled: 1
  m_EditorHideFlags: 0
  m_Script: {fileID: 11500000, guid: febc82a5aab0048d79c1582c57971567, type: 3}
  m_Name: 
  m_EditorClassIdentifier: 
  lifeRestoreEnabled: 0
  restoreHealthPercent: 0.03
  IsImmortal: 0
  maxHealth: 50
--- !u!114 &114350788495261744
MonoBehaviour:
  m_ObjectHideFlags: 1
  m_PrefabParentObject: {fileID: 0}
  m_PrefabInternal: {fileID: 100100000}
  m_GameObject: {fileID: 1041289659122890}
  m_Enabled: 1
  m_EditorHideFlags: 0
  m_Script: {fileID: 11500000, guid: cac5c6ce61fd64f06b74207fc5336a97, type: 3}
  m_Name: 
  m_EditorClassIdentifier: 
  onDamagedSounds:
  - {fileID: 8300000, guid: 1e6c38139a9f14e2d85d5c042e2efb4f, type: 3}
  - {fileID: 8300000, guid: 503fc3817e4ca4df08d49b843f480ddd, type: 3}
  - {fileID: 8300000, guid: 6286f4472bb994ec59a32b2e2a1be2c5, type: 3}
  - {fileID: 8300000, guid: af87a5b16bb204d53ab5d259d23fcb88, type: 3}
--- !u!114 &114515015732212734
MonoBehaviour:
  m_ObjectHideFlags: 1
  m_PrefabParentObject: {fileID: 0}
  m_PrefabInternal: {fileID: 100100000}
  m_GameObject: {fileID: 1041289659122890}
  m_Enabled: 1
  m_EditorHideFlags: 0
  m_Script: {fileID: 11500000, guid: 926e24ba20681425580ce5fef1ef713a, type: 3}
  m_Name: 
  m_EditorClassIdentifier: 
--- !u!114 &114587667629774626
MonoBehaviour:
  m_ObjectHideFlags: 1
  m_PrefabParentObject: {fileID: 0}
  m_PrefabInternal: {fileID: 100100000}
  m_GameObject: {fileID: 1041289659122890}
  m_Enabled: 1
  m_EditorHideFlags: 0
  m_Script: {fileID: 11500000, guid: e302d70b76fb547d6b25279448144250, type: 3}
  m_Name: 
  m_EditorClassIdentifier: 
  team: 0
--- !u!114 &114933608996590642
MonoBehaviour:
  m_ObjectHideFlags: 1
  m_PrefabParentObject: {fileID: 0}
  m_PrefabInternal: {fileID: 100100000}
  m_GameObject: {fileID: 1041289659122890}
  m_Enabled: 1
  m_EditorHideFlags: 0
  m_Script: {fileID: 11500000, guid: e824168b1a5344ac58e139c829ec35db, type: 3}
  m_Name: 
  m_EditorClassIdentifier: 
  bloodPoint: {fileID: 4668434481469014}
  bloodParticles: {fileID: 1393327779284088, guid: 63b7126b4d1134db78472706d9f69788,
    type: 2}
--- !u!136 &136263408436040110
CapsuleCollider:
  m_ObjectHideFlags: 1
  m_PrefabParentObject: {fileID: 0}
  m_PrefabInternal: {fileID: 100100000}
  m_GameObject: {fileID: 1041289659122890}
  m_Material: {fileID: 0}
  m_IsTrigger: 1
  m_Enabled: 1
  m_Radius: 0.5
  m_Height: 6
  m_Direction: 1
  m_Center: {x: 0, y: 0, z: 0}
--- !u!136 &136697879876089596
CapsuleCollider:
  m_ObjectHideFlags: 1
  m_PrefabParentObject: {fileID: 0}
  m_PrefabInternal: {fileID: 100100000}
  m_GameObject: {fileID: 1041289659122890}
  m_Material: {fileID: 0}
  m_IsTrigger: 0
  m_Enabled: 1
  m_Radius: 0.5
  m_Height: 6
  m_Direction: 1
  m_Center: {x: 0, y: 0, z: 0}
--- !u!137 &137606949935882584
SkinnedMeshRenderer:
  m_ObjectHideFlags: 1
  m_PrefabParentObject: {fileID: 0}
  m_PrefabInternal: {fileID: 100100000}
  m_GameObject: {fileID: 1469402566970492}
  m_Enabled: 1
  m_CastShadows: 1
  m_ReceiveShadows: 1
  m_DynamicOccludee: 1
  m_MotionVectors: 1
  m_LightProbeUsage: 1
  m_ReflectionProbeUsage: 1
  m_Materials:
  - {fileID: 2100000, guid: dfda17937980e9b428d74bdc2ea018a2, type: 2}
  m_StaticBatchInfo:
    firstSubMesh: 0
    subMeshCount: 0
  m_StaticBatchRoot: {fileID: 0}
  m_ProbeAnchor: {fileID: 0}
  m_LightProbeVolumeOverride: {fileID: 0}
  m_ScaleInLightmap: 1
  m_PreserveUVs: 0
  m_IgnoreNormalsForChartDetection: 0
  m_ImportantGI: 0
  m_StitchLightmapSeams: 0
  m_SelectedEditorRenderState: 3
  m_MinimumChartSize: 4
  m_AutoUVMaxDistance: 0.5
  m_AutoUVMaxAngle: 89
  m_LightmapParameters: {fileID: 0}
  m_SortingLayerID: 0
  m_SortingLayer: 0
  m_SortingOrder: 0
  serializedVersion: 2
  m_Quality: 0
  m_UpdateWhenOffscreen: 0
  m_SkinnedMotionVectors: 1
  m_Mesh: {fileID: 4300002, guid: 9d693f089b09f2e4b9dd4789d5ec3f55, type: 3}
  m_Bones:
  - {fileID: 4781256916287920}
  - {fileID: 4539651939940348}
  - {fileID: 4481965114450228}
  - {fileID: 4898589634224554}
  - {fileID: 4871111296656204}
  - {fileID: 4337174082313432}
  - {fileID: 4896774678235028}
  - {fileID: 4625545248984216}
  - {fileID: 4551001357925862}
  - {fileID: 4200076433763868}
  - {fileID: 4896109890517268}
  - {fileID: 4562406593901280}
  - {fileID: 4477879604851928}
  - {fileID: 4435818748939672}
  - {fileID: 4530220187411394}
  - {fileID: 4263280003722974}
  - {fileID: 4666532021071814}
  - {fileID: 4337906703256472}
  - {fileID: 4812637385539252}
  - {fileID: 4850976756365476}
  - {fileID: 4604233927186316}
  - {fileID: 4430721121505098}
  - {fileID: 4499108913526072}
  - {fileID: 4389731756771466}
  - {fileID: 4050717810152610}
  - {fileID: 4540347359993898}
  - {fileID: 4990818048703064}
  - {fileID: 4708562782260464}
  - {fileID: 4010017292511772}
  - {fileID: 4440776483405922}
  - {fileID: 4693118561240538}
  - {fileID: 4805734162903850}
  - {fileID: 4878092712644996}
  - {fileID: 4714714375822204}
  - {fileID: 4192609296289874}
  - {fileID: 4056955912162866}
  - {fileID: 4698655962869792}
  - {fileID: 4995868333747120}
  - {fileID: 4561595477140592}
  - {fileID: 4669848223188820}
  - {fileID: 4988749372219292}
  - {fileID: 4610998300012460}
  - {fileID: 4508877184248302}
  - {fileID: 4045970227697562}
  - {fileID: 4656899333513980}
  - {fileID: 4621916654439542}
  - {fileID: 4210852725158006}
  - {fileID: 4267324945439824}
  - {fileID: 4585909425423120}
  - {fileID: 4133863643327702}
  - {fileID: 4207431117150086}
  - {fileID: 4250663699694282}
  - {fileID: 4462506344784370}
  m_BlendShapeWeights: []
  m_RootBone: {fileID: 4871111296656204}
  m_AABB:
    m_Center: {x: -0.0536412, y: 0.7436983, z: 0.017753243}
    m_Extent: {x: 0.6334526, y: 0.57841915, z: 0.8526989}
  m_DirtyAABB: 0
--- !u!137 &137662990683021882
SkinnedMeshRenderer:
  m_ObjectHideFlags: 1
  m_PrefabParentObject: {fileID: 0}
  m_PrefabInternal: {fileID: 100100000}
  m_GameObject: {fileID: 1900619993261932}
  m_Enabled: 1
  m_CastShadows: 1
  m_ReceiveShadows: 1
  m_DynamicOccludee: 1
  m_MotionVectors: 1
  m_LightProbeUsage: 1
  m_ReflectionProbeUsage: 1
  m_Materials:
  - {fileID: 2100000, guid: 0223a2abbe4656949b94742c96df2e73, type: 2}
  - {fileID: 2100000, guid: 245ba82435436394daa6d3403b365be9, type: 2}
  m_StaticBatchInfo:
    firstSubMesh: 0
    subMeshCount: 0
  m_StaticBatchRoot: {fileID: 0}
  m_ProbeAnchor: {fileID: 0}
  m_LightProbeVolumeOverride: {fileID: 0}
  m_ScaleInLightmap: 1
  m_PreserveUVs: 0
  m_IgnoreNormalsForChartDetection: 0
  m_ImportantGI: 0
  m_StitchLightmapSeams: 0
  m_SelectedEditorRenderState: 3
  m_MinimumChartSize: 4
  m_AutoUVMaxDistance: 0.5
  m_AutoUVMaxAngle: 89
  m_LightmapParameters: {fileID: 0}
  m_SortingLayerID: 0
  m_SortingLayer: 0
  m_SortingOrder: 0
  serializedVersion: 2
  m_Quality: 0
  m_UpdateWhenOffscreen: 0
  m_SkinnedMotionVectors: 1
  m_Mesh: {fileID: 4300000, guid: 9d693f089b09f2e4b9dd4789d5ec3f55, type: 3}
  m_Bones:
  - {fileID: 4781256916287920}
  - {fileID: 4539651939940348}
  - {fileID: 4481965114450228}
  - {fileID: 4898589634224554}
  - {fileID: 4871111296656204}
  - {fileID: 4337174082313432}
  - {fileID: 4896774678235028}
  - {fileID: 4625545248984216}
  - {fileID: 4551001357925862}
  - {fileID: 4200076433763868}
  - {fileID: 4896109890517268}
  - {fileID: 4562406593901280}
  - {fileID: 4477879604851928}
  - {fileID: 4435818748939672}
  - {fileID: 4530220187411394}
  - {fileID: 4263280003722974}
  - {fileID: 4666532021071814}
  - {fileID: 4337906703256472}
  - {fileID: 4812637385539252}
  - {fileID: 4850976756365476}
  - {fileID: 4604233927186316}
  - {fileID: 4430721121505098}
  - {fileID: 4499108913526072}
  - {fileID: 4389731756771466}
  - {fileID: 4050717810152610}
  - {fileID: 4540347359993898}
  - {fileID: 4990818048703064}
  - {fileID: 4708562782260464}
  - {fileID: 4010017292511772}
  - {fileID: 4440776483405922}
  - {fileID: 4693118561240538}
  - {fileID: 4805734162903850}
  - {fileID: 4878092712644996}
  - {fileID: 4714714375822204}
  - {fileID: 4192609296289874}
  - {fileID: 4056955912162866}
  - {fileID: 4698655962869792}
  - {fileID: 4995868333747120}
  - {fileID: 4561595477140592}
  - {fileID: 4669848223188820}
  - {fileID: 4988749372219292}
  - {fileID: 4610998300012460}
  - {fileID: 4508877184248302}
  - {fileID: 4045970227697562}
  - {fileID: 4656899333513980}
  - {fileID: 4621916654439542}
  - {fileID: 4210852725158006}
  - {fileID: 4267324945439824}
  - {fileID: 4585909425423120}
  - {fileID: 4133863643327702}
  - {fileID: 4207431117150086}
  - {fileID: 4250663699694282}
  - {fileID: 4462506344784370}
  m_BlendShapeWeights: []
  m_RootBone: {fileID: 4871111296656204}
  m_AABB:
    m_Center: {x: -0.34332228, y: 0.00000047683716, z: -0.047206283}
    m_Extent: {x: 1.4895566, y: 1.4177817, z: 1.266838}
  m_DirtyAABB: 0
--- !u!195 &195837079897248628
NavMeshAgent:
  m_ObjectHideFlags: 1
  m_PrefabParentObject: {fileID: 0}
  m_PrefabInternal: {fileID: 100100000}
  m_GameObject: {fileID: 1041289659122890}
  m_Enabled: 1
  m_AgentTypeID: 0
  m_Radius: 1
  m_Speed: 5.5
  m_Acceleration: 8
  avoidancePriority: 50
  m_AngularSpeed: 120
  m_StoppingDistance: 3.5
  m_AutoTraverseOffMeshLink: 1
  m_AutoBraking: 1
  m_AutoRepath: 1
  m_Height: 2
  m_BaseOffset: 0
  m_WalkableMask: 4294967295
  m_ObstacleAvoidanceType: 4
